"","gameday_link","num","des","type","tfs","tfs_zulu","id","sz_top","sz_bot","px","pz","pitch_type","count","zone","pitcher","batter","b_height","pitcher_name","p_throws","batter_name","stand","atbat_des","event","inning","inning_side","quant_score_des","fix_quant_score","quant_score","qual_score","hitter_val"
"1","gid_2016_04_09_houmlb_milmlb_1",1,"Ball","B","231128","2016-04-09T23:11:28Z",4,2.94,1.48,0.073,0.615,"SI","0-1","14",503449,514888,"5-6","Wily Peralta","R","Jose Altuve","R","Jose Altuve singles on a ground ball to center fielder Kirk Nieuwenhuis.  ","Single","1","top",0.25,0,0.25,0,0.25
"2","gid_2016_04_09_houmlb_milmlb_1",1,"In play, no out","X","231152","2016-04-09T23:11:52Z",5,3,1.35,-0.224,2.476,"SI","1-1","2",503449,514888,"5-6","Wily Peralta","R","Jose Altuve","R","Jose Altuve singles on a ground ball to center fielder Kirk Nieuwenhuis.  ","Single","1","top",1,0,1,0,1
"3","gid_2016_04_09_houmlb_milmlb_1",1,"Swinging Strike","S","231113","2016-04-09T23:11:13Z",3,2.98,1.44,-0.67,0.861,"SI","0-0","13",503449,514888,"5-6","Wily Peralta","R","Jose Altuve","R","Jose Altuve singles on a ground ball to center fielder Kirk Nieuwenhuis.  ","Single","1","top",-0.4,0,-0.4,0,-0.4
"4","gid_2016_04_09_houmlb_milmlb_1",13,"Ball In Dirt","B","233856","2016-04-09T23:38:56Z",101,3,1.44,1.757,0.704,"SL","0-0","14",503449,514888,"5-6","Wily Peralta","R","Jose Altuve","R","Jose Altuve grounds into a double play, second baseman Scooter Gennett to shortstop Jonathan Villar to first baseman Chris Carter.   Doug Fister out at 2nd.  ","Grounded Into DP","2","top",0.25,0,0.25,0,0.25
"5","gid_2016_04_09_houmlb_milmlb_1",13,"In play, out(s)","X","233909","2016-04-09T23:39:09Z",102,3,1.35,0.002,2.347,"SI","1-0","5",503449,514888,"5-6","Wily Peralta","R","Jose Altuve","R","Jose Altuve grounds into a double play, second baseman Scooter Gennett to shortstop Jonathan Villar to first baseman Chris Carter.   Doug Fister out at 2nd.  ","Grounded Into DP","2","top",-1,0,-1,-1,-2
"6","gid_2016_04_09_houmlb_milmlb_1",31,"Ball","B","002052","2016-04-10T00:20:52Z",252,3.02,1.48,1.516,1.38,"SL","0-0","14",503449,514888,"5-6","Wily Peralta","R","Jose Altuve","R","Jose Altuve called out on strikes.  ","Strikeout","4","top",0.25,0,0.25,0,0.25
"7","gid_2016_04_09_houmlb_milmlb_1",31,"Ball","B","002118","2016-04-10T00:21:18Z",253,3.02,1.48,1.451,2.433,"SL","1-0","12",503449,514888,"5-6","Wily Peralta","R","Jose Altuve","R","Jose Altuve called out on strikes.  ","Strikeout","4","top",0.25,0,0.25,0,0.25
"8","gid_2016_04_09_houmlb_milmlb_1",31,"Ball","B","002350","2016-04-10T00:23:50Z",258,3.02,1.57,0.576,0.856,"SI","2-2","14",503449,514888,"5-6","Wily Peralta","R","Jose Altuve","R","Jose Altuve called out on strikes.  ","Strikeout","4","top",0.25,0,0.25,0,0.25
"9","gid_2016_04_09_houmlb_milmlb_1",31,"Called Strike","S","002149","2016-04-10T00:21:49Z",254,3,1.44,-0.536,2.843,"SI","2-0","1",503449,514888,"5-6","Wily Peralta","R","Jose Altuve","R","Jose Altuve called out on strikes.  ","Strikeout","4","top",-0.333333333333333,0,-0.333333333333333,0,-0.333333333333333
"10","gid_2016_04_09_houmlb_milmlb_1",31,"Called Strike","S","002218","2016-04-10T00:22:18Z",255,3,1.57,0.686,2.376,"SI","2-1","6",503449,514888,"5-6","Wily Peralta","R","Jose Altuve","R","Jose Altuve called out on strikes.  ","Strikeout","4","top",-0.333333333333333,0,-0.333333333333333,0,-0.333333333333333
"11","gid_2016_04_09_houmlb_milmlb_1",31,"Called Strike","S","002425","2016-04-10T00:24:25Z",259,3.06,1.48,1.051,1.774,"SL","3-2","14",503449,514888,"5-6","Wily Peralta","R","Jose Altuve","R","Jose Altuve called out on strikes.  ","Strikeout","4","top",-0.333333333333333,0,-0.333333333333333,0,-0.333333333333333
"12","gid_2016_04_09_houmlb_milmlb_1",31,"Foul","S","002244","2016-04-10T00:22:44Z",256,3,1.35,0.495,1.312,"SL","2-2","14",503449,514888,"5-6","Wily Peralta","R","Jose Altuve","R","Jose Altuve called out on strikes.  ","Strikeout","4","top",-0.333333333333333,0,-0.333333333333333,0,-0.333333333333333
"13","gid_2016_04_09_houmlb_milmlb_1",31,"Foul","S","002319","2016-04-10T00:23:19Z",257,3,1.35,0.598,1.159,"SL","2-2","14",503449,514888,"5-6","Wily Peralta","R","Jose Altuve","R","Jose Altuve called out on strikes.  ","Strikeout","4","top",-0.333333333333333,0,-0.333333333333333,0,-0.333333333333333
"14","gid_2016_04_10_houmlb_milmlb_1",61,"Ball","B","205608","2016-04-10T20:56:08Z",519,3.09,1.35,1.844,1.473,"FF","0-2","14",518468,514888,"5-6","Michael Blazek","R","Jose Altuve","R","Jose Altuve reaches on a force attempt, throwing error by pitcher Michael Blazek.   Jake Marisnick to 3rd.    Jose Altuve to 2nd.  ","Field Error","8","top",0.25,0,0.25,0,0.25
"15","gid_2016_04_10_houmlb_milmlb_1",61,"Called Strike","S","205430","2016-04-10T20:54:30Z",515,3.05,1.47,0.605,2.256,"SL","0-0","6",518468,514888,"5-6","Michael Blazek","R","Jose Altuve","R","Jose Altuve reaches on a force attempt, throwing error by pitcher Michael Blazek.   Jake Marisnick to 3rd.    Jose Altuve to 2nd.  ","Field Error","8","top",-0.333333333333333,0,-0.333333333333333,0,-0.333333333333333
"16","gid_2016_04_10_houmlb_milmlb_1",61,"Called Strike","S","205517","2016-04-10T20:55:17Z",517,3.05,1.47,0.741,2.477,"FF","0-1","12",518468,514888,"5-6","Michael Blazek","R","Jose Altuve","R","Jose Altuve reaches on a force attempt, throwing error by pitcher Michael Blazek.   Jake Marisnick to 3rd.    Jose Altuve to 2nd.  ","Field Error","8","top",-0.333333333333333,0,-0.333333333333333,0,-0.333333333333333
"17","gid_2016_04_10_houmlb_milmlb_1",61,"In play, no out","X","205651","2016-04-10T20:56:51Z",520,3,1.35,0.423,1.463,"SL","1-2","9",518468,514888,"5-6","Michael Blazek","R","Jose Altuve","R","Jose Altuve reaches on a force attempt, throwing error by pitcher Michael Blazek.   Jake Marisnick to 3rd.    Jose Altuve to 2nd.  ","Field Error","8","top",1,0,1,0.5,1.5
"18","gid_2016_04_09_houmlb_milmlb_1",69,"In play, out(s)","X","020831","2016-04-10T02:08:31Z",588,3,1.35,-0.37,2.459,"FF","0-0","1",518468,514888,"5-6","Michael Blazek","R","Jose Altuve","R","Jose Altuve grounds into a double play, shortstop Jonathan Villar to first baseman Chris Carter.   Jake Marisnick out at 2nd.  ","Grounded Into DP","9","top",-1,0,-1,-1,-2
"19","gid_2016_04_08_houmlb_milmlb_1",1,"Ball","B","001203","2016-04-09T00:12:03Z",4,3,1.34,1.392,3.217,"FF","0-1","12",502624,514888,"5-6","Chase Anderson","R","Jose Altuve","R","Jose Altuve singles on a line drive to right fielder Domingo Santana.  ","Single","1","top",0.25,0,0.25,0,0.25
"20","gid_2016_04_08_houmlb_milmlb_1",1,"Ball","B","001222","2016-04-09T00:12:22Z",5,3,1.34,1.274,2.171,"FF","1-1","12",502624,514888,"5-6","Chase Anderson","R","Jose Altuve","R","Jose Altuve singles on a line drive to right fielder Domingo Santana.  ","Single","1","top",0.25,0,0.25,0,0.25
"21","gid_2016_04_08_houmlb_milmlb_1",1,"Called Strike","S","001142","2016-04-09T00:11:42Z",3,3,1.34,0.578,1.984,"FF","0-0","6",502624,514888,"5-6","Chase Anderson","R","Jose Altuve","R","Jose Altuve singles on a line drive to right fielder Domingo Santana.  ","Single","1","top",-0.333333333333333,0,-0.333333333333333,0,-0.333333333333333
"22","gid_2016_04_08_houmlb_milmlb_1",1,"Foul","S","001307","2016-04-09T00:13:07Z",7,3,1.34,-0.432,2.553,"CH","2-2","1",502624,514888,"5-6","Chase Anderson","R","Jose Altuve","R","Jose Altuve singles on a line drive to right fielder Domingo Santana.  ","Single","1","top",-0.333333333333333,0,-0.333333333333333,0,-0.333333333333333
"23","gid_2016_04_08_houmlb_milmlb_1",1,"In play, no out","X","001342","2016-04-09T00:13:42Z",8,3,1.34,0.419,3.07,"FF","2-2","12",502624,514888,"5-6","Chase Anderson","R","Jose Altuve","R","Jose Altuve singles on a line drive to right fielder Domingo Santana.  ","Single","1","top",1,0,1,1.5,2.5
"24","gid_2016_04_08_houmlb_milmlb_1",1,"Swinging Strike","S","001243","2016-04-09T00:12:43Z",6,3,1.34,-0.78,2.301,"CH","2-1","11",502624,514888,"5-6","Chase Anderson","R","Jose Altuve","R","Jose Altuve singles on a line drive to right fielder Domingo Santana.  ","Single","1","top",-0.4,0,-0.4,0,-0.4
"25","gid_2016_04_08_houmlb_milmlb_1",21,"Ball","B","010835","2016-04-09T01:08:35Z",186,3,1.34,0.6,1.336,"CU","0-0","14",502624,514888,"5-6","Chase Anderson","R","Jose Altuve","R","Jose Altuve grounds out, second baseman Scooter Gennett to first baseman Chris Carter.  ","Groundout","3","top",0.25,0,0.25,0,0.25
"26","gid_2016_04_08_houmlb_milmlb_1",21,"Ball","B","010932","2016-04-09T01:09:32Z",189,3,1.34,-1.271,1.231,"CH","1-2","13",502624,514888,"5-6","Chase Anderson","R","Jose Altuve","R","Jose Altuve grounds out, second baseman Scooter Gennett to first baseman Chris Carter.  ","Groundout","3","top",0.25,0,0.25,0,0.25
"27","gid_2016_04_08_houmlb_milmlb_1",21,"Called Strike","S","010848","2016-04-09T01:08:48Z",187,3,1.34,0.821,1.882,"FF","1-0","14",502624,514888,"5-6","Chase Anderson","R","Jose Altuve","R","Jose Altuve grounds out, second baseman Scooter Gennett to first baseman Chris Carter.  ","Groundout","3","top",-0.333333333333333,0,-0.333333333333333,0,-0.333333333333333
"28","gid_2016_04_08_houmlb_milmlb_1",21,"Foul","S","010908","2016-04-09T01:09:08Z",188,3,1.34,0.125,0.784,"CU","1-1","14",502624,514888,"5-6","Chase Anderson","R","Jose Altuve","R","Jose Altuve grounds out, second baseman Scooter Gennett to first baseman Chris Carter.  ","Groundout","3","top",-0.333333333333333,0,-0.333333333333333,0,-0.333333333333333
"29","gid_2016_04_08_houmlb_milmlb_1",21,"In play, out(s)","X","010957","2016-04-09T01:09:57Z",190,3,1.34,-0.388,1.926,"FF","2-2","4",502624,514888,"5-6","Chase Anderson","R","Jose Altuve","R","Jose Altuve grounds out, second baseman Scooter Gennett to first baseman Chris Carter.  ","Groundout","3","top",-1,0,-1,-1,-2
"30","gid_2016_04_16_detmlb_houmlb_1",4,"Ball","B","231755","2016-04-16T23:17:55Z",26,3.01,1.35,0.9,2.46,"FF","0-0","12",434378,514888,"5-6","Justin Verlander","R","Jose Altuve","R","Jose Altuve singles on a sharp line drive to left fielder Justin Upton.  ","Single","1","bottom",0.25,0,0.25,0,0.25
"31","gid_2016_04_16_detmlb_houmlb_1",4,"In play, no out","X","231812","2016-04-16T23:18:12Z",27,3.01,1.35,-0.3,2.25,"FF","1-0","4",434378,514888,"5-6","Justin Verlander","R","Jose Altuve","R","Jose Altuve singles on a sharp line drive to left fielder Justin Upton.  ","Single","1","bottom",1,0,1,3,4
"32","gid_2016_04_16_detmlb_houmlb_1",23,"Ball","B","000055","2016-04-17T00:00:55Z",177,3.04,1.35,1.18,1.04,"SL","0-2","14",434378,514888,"5-6","Justin Verlander","R","Jose Altuve","R","Jose Altuve walks.  ","Walk","3","bottom",0.25,0,0.25,0,0.25
"33","gid_2016_04_16_detmlb_houmlb_1",23,"Ball","B","000149","2016-04-17T00:01:49Z",179,3.04,1.35,0.81,1.17,"SL","1-2","14",434378,514888,"5-6","Justin Verlander","R","Jose Altuve","R","Jose Altuve walks.  ","Walk","3","bottom",0.25,0,0.25,0,0.25
"34","gid_2016_04_16_detmlb_houmlb_1",23,"Ball","B","000218","2016-04-17T00:02:18Z",180,3,1.35,-0.95,3.3,"CU","2-2","11",434378,514888,"5-6","Justin Verlander","R","Jose Altuve","R","Jose Altuve walks.  ","Walk","3","bottom",0.25,0,0.25,0,0.25
"35","gid_2016_04_16_detmlb_houmlb_1",23,"Ball","B","000242","2016-04-17T00:02:42Z",181,3.04,1.35,0.37,1.43,"FF","3-2","9",434378,514888,"5-6","Justin Verlander","R","Jose Altuve","R","Jose Altuve walks.  ","Walk","3","bottom",0.25,0,0.25,0,0.25
"36","gid_2016_04_16_detmlb_houmlb_1",23,"Called Strike","S","000017","2016-04-17T00:00:17Z",175,3.08,1.35,0.77,2.6,"FF","0-0","12",434378,514888,"5-6","Justin Verlander","R","Jose Altuve","R","Jose Altuve walks.  ","Walk","3","bottom",-0.333333333333333,0,-0.333333333333333,0,-0.333333333333333
"37","gid_2016_04_16_detmlb_houmlb_1",23,"Foul","S","000032","2016-04-17T00:00:32Z",176,3.04,1.35,0.32,1.65,"CU","0-1","9",434378,514888,"5-6","Justin Verlander","R","Jose Altuve","R","Jose Altuve walks.  ","Walk","3","bottom",-0.333333333333333,0,-0.333333333333333,0,-0.333333333333333
"38","gid_2016_04_16_detmlb_houmlb_1",23,"Foul","S","000122","2016-04-17T00:01:22Z",178,3,1.35,-0.15,1.23,"CH","1-2","13",434378,514888,"5-6","Justin Verlander","R","Jose Altuve","R","Jose Altuve walks.  ","Walk","3","bottom",-0.333333333333333,0,-0.333333333333333,0,-0.333333333333333
"39","gid_2016_04_16_detmlb_houmlb_1",42,"Foul","S","005345","2016-04-17T00:53:45Z",342,3.01,1.3,-0.25,3.44,"FF","0-0","11",434378,514888,"5-6","Justin Verlander","R","Jose Altuve","R","Jose Altuve grounds out, third baseman Nick Castellanos to first baseman Miguel Cabrera.  ","Groundout","5","bottom",-0.333333333333333,0,-0.333333333333333,0,-0.333333333333333
"40","gid_2016_04_16_detmlb_houmlb_1",42,"In play, out(s)","X","005413","2016-04-17T00:54:13Z",343,3.04,1.31,-0.28,1.84,"CH","0-1","7",434378,514888,"5-6","Justin Verlander","R","Jose Altuve","R","Jose Altuve grounds out, third baseman Nick Castellanos to first baseman Miguel Cabrera.  ","Groundout","5","bottom",-1,0,-1,-1,-2
"41","gid_2016_04_08_houmlb_milmlb_1",41,"Ball","B","020557","2016-04-09T02:05:57Z",360,3.1,1.56,0.733,1.464,"FF","0-0","14",448614,514888,"5-6","Carlos Torres","R","Jose Altuve","R","Jose Altuve grounds out, third baseman Aaron Hill to first baseman Chris Carter.  ","Groundout","6","top",0.25,0,0.25,0,0.25
"42","gid_2016_04_08_houmlb_milmlb_1",41,"Ball","B","020611","2016-04-09T02:06:11Z",361,3,1.34,0.997,1.075,"CU","1-0","14",448614,514888,"5-6","Carlos Torres","R","Jose Altuve","R","Jose Altuve grounds out, third baseman Aaron Hill to first baseman Chris Carter.  ","Groundout","6","top",0.25,0,0.25,0,0.25
"43","gid_2016_04_08_houmlb_milmlb_1",41,"In play, out(s)","X","020631","2016-04-09T02:06:31Z",362,3,1.34,0.004,3,"FF","2-0","2",448614,514888,"5-6","Carlos Torres","R","Jose Altuve","R","Jose Altuve grounds out, third baseman Aaron Hill to first baseman Chris Carter.  ","Groundout","6","top",-1,0,-1,-1,-2
"44","gid_2016_04_09_houmlb_milmlb_1",49,"Called Strike","S","010821","2016-04-10T01:08:21Z",411,3.02,1.52,-0.032,1.605,"SI","0-0","8",430641,514888,"5-6","Blaine Boyer","R","Jose Altuve","R","Jose Altuve grounds out softly, third baseman Yadiel Rivera to first baseman Chris Carter.  ","Groundout","6","top",-0.333333333333333,0,-0.333333333333333,0,-0.333333333333333
"45","gid_2016_04_09_houmlb_milmlb_1",49,"Foul","S","010842","2016-04-10T01:08:42Z",412,3,1.35,-0.544,2.554,"SL","0-1","1",430641,514888,"5-6","Blaine Boyer","R","Jose Altuve","R","Jose Altuve grounds out softly, third baseman Yadiel Rivera to first baseman Chris Carter.  ","Groundout","6","top",-0.333333333333333,0,-0.333333333333333,0,-0.333333333333333
"46","gid_2016_04_09_houmlb_milmlb_1",49,"In play, out(s)","X","010911","2016-04-10T01:09:11Z",413,3,1.35,-0.859,2.466,"SI","0-2","11",430641,514888,"5-6","Blaine Boyer","R","Jose Altuve","R","Jose Altuve grounds out softly, third baseman Yadiel Rivera to first baseman Chris Carter.  ","Groundout","6","top",-1,0,-1,-3,-4
"47","gid_2016_04_10_houmlb_milmlb_1",45,"Ball","B","200637","2016-04-10T20:06:37Z",372,3,1.35,1.289,1.478,"KN","0-2","14",519076,514888,"5-6","Jimmy Nelson","R","Jose Altuve","R","Jose Altuve strikes out on a foul tip.  ","Strikeout","6","top",0.25,0,0.25,0,0.25
"48","gid_2016_04_10_houmlb_milmlb_1",45,"Ball","B","200700","2016-04-10T20:07:00Z",373,3.09,1.39,0.879,2.662,"SL","1-2","12",519076,514888,"5-6","Jimmy Nelson","R","Jose Altuve","R","Jose Altuve strikes out on a foul tip.  ","Strikeout","6","top",0.25,0,0.25,0,0.25
"49","gid_2016_04_10_houmlb_milmlb_1",45,"Called Strike","S","200523","2016-04-10T20:05:23Z",369,3.05,1.35,-0.705,2.956,"SL","0-0","1",519076,514888,"5-6","Jimmy Nelson","R","Jose Altuve","R","Jose Altuve strikes out on a foul tip.  ","Strikeout","6","top",-0.333333333333333,0,-0.333333333333333,0,-0.333333333333333
"50","gid_2016_04_10_houmlb_milmlb_1",45,"Foul","S","200604","2016-04-10T20:06:04Z",371,3,1.35,-0.809,3.055,"FF","0-2","11",519076,514888,"5-6","Jimmy Nelson","R","Jose Altuve","R","Jose Altuve strikes out on a foul tip.  ","Strikeout","6","top",-0.333333333333333,0,-0.333333333333333,0,-0.333333333333333
"51","gid_2016_04_10_houmlb_milmlb_1",45,"Foul Tip","S","200728","2016-04-10T20:07:28Z",374,3,1.35,-1.134,1.418,"SI","2-2","13",519076,514888,"5-6","Jimmy Nelson","R","Jose Altuve","R","Jose Altuve strikes out on a foul tip.  ","Strikeout","6","top",-0.333333333333333,0,-0.333333333333333,0,-0.333333333333333
"52","gid_2016_04_10_houmlb_milmlb_1",45,"Swinging Strike","S","200543","2016-04-10T20:05:43Z",370,3,1.35,-0.403,3.56,"FF","0-1","11",519076,514888,"5-6","Jimmy Nelson","R","Jose Altuve","R","Jose Altuve strikes out on a foul tip.  ","Strikeout","6","top",-0.4,0,-0.4,0,-0.4
"53","gid_2016_04_10_houmlb_milmlb_1",21,"Ball","B","190102","2016-04-10T19:01:02Z",171,3.1,1.35,1.507,2.786,"FF","0-0","12",519076,514888,"5-6","Jimmy Nelson","R","Jose Altuve","R","Jose Altuve walks.  ","Walk","3","top",0.25,0,0.25,0,0.25
"54","gid_2016_04_10_houmlb_milmlb_1",21,"Ball","B","190135","2016-04-10T19:01:35Z",173,3.06,1.35,0.917,0.828,"SL","1-1","14",519076,514888,"5-6","Jimmy Nelson","R","Jose Altuve","R","Jose Altuve walks.  ","Walk","3","top",0.25,0,0.25,0,0.25
"55","gid_2016_04_10_houmlb_milmlb_1",21,"Ball","B","190158","2016-04-10T19:01:58Z",174,3.06,1.35,0.53,3.293,"SL","2-1","12",519076,514888,"5-6","Jimmy Nelson","R","Jose Altuve","R","Jose Altuve walks.  ","Walk","3","top",0.25,0,0.25,0,0.25
"56","gid_2016_04_10_houmlb_milmlb_1",21,"Ball","B","190218","2016-04-10T19:02:18Z",175,3.06,1.35,-0.924,2.999,"FF","3-1","11",519076,514888,"5-6","Jimmy Nelson","R","Jose Altuve","R","Jose Altuve walks.  ","Walk","3","top",0.25,0,0.25,0,0.25
"57","gid_2016_04_10_houmlb_milmlb_1",21,"Called Strike","S","190116","2016-04-10T19:01:16Z",172,3.27,1.65,-0.604,2.576,"FF","1-0","4",519076,514888,"5-6","Jimmy Nelson","R","Jose Altuve","R","Jose Altuve walks.  ","Walk","3","top",-0.333333333333333,0,-0.333333333333333,0,-0.333333333333333
"58","gid_2016_04_10_houmlb_milmlb_1",1,"In play, run(s)","X","181032","2016-04-10T18:10:32Z",3,3,1.35,-0.616,1.941,"SI","0-0","4",519076,514888,"5-6","Jimmy Nelson","R","Jose Altuve","R","Jose Altuve homers (1) on a fly ball to left center field.  ","Home Run","1","top",1,0,1,2,3
"59","gid_2016_04_08_houmlb_milmlb_1",71,"Ball In Dirt","B","031916","2016-04-09T03:19:16Z",615,3,1.34,-0.573,0.727,"SI","0-0","13",502026,514888,"5-6","Jeremy Jeffress","R","Jose Altuve","R","Astros challenged (slide interference), call on the field was upheld: Jose Altuve grounds into a double play, second baseman Scooter Gennett to shortstop Jonathan Villar to first baseman Chris Carter.   Colby Rasmus out at 2nd.  ","Double Play","9","top",0.25,0,0.25,0,0.25
"60","gid_2016_04_08_houmlb_milmlb_1",71,"In play, out(s)","X","032009","2016-04-09T03:20:09Z",616,3,1.34,-0.686,2.214,"SI","1-0","4",502026,514888,"5-6","Jeremy Jeffress","R","Jose Altuve","R","Astros challenged (slide interference), call on the field was upheld: Jose Altuve grounds into a double play, second baseman Scooter Gennett to shortstop Jonathan Villar to first baseman Chris Carter.   Colby Rasmus out at 2nd.  ","Double Play","9","top",-1,0,-1,-1,-2
"61","gid_2016_04_15_detmlb_houmlb_1",53,"Ball","B","021818","2016-04-16T02:18:18Z",412,2.89,1.39,-0.054,0.41,"CU","0-1","13",571656,514888,"5-6","Buck Farmer","R","Jose Altuve","R","Jose Altuve grounds out, pitcher Buck Farmer to first baseman Miguel Cabrera.  ","Groundout","7","bottom",0.25,0,0.25,0,0.25
"62","gid_2016_04_15_detmlb_houmlb_1",53,"Ball","B","021910","2016-04-16T02:19:10Z",414,2.89,1.36,0.728,-0.812,"CH","1-2","14",571656,514888,"5-6","Buck Farmer","R","Jose Altuve","R","Jose Altuve grounds out, pitcher Buck Farmer to first baseman Miguel Cabrera.  ","Groundout","7","bottom",0.25,0,0.25,0,0.25
"63","gid_2016_04_15_detmlb_houmlb_1",53,"Called Strike","S","021802","2016-04-16T02:18:02Z",411,3.08,1.27,0.545,2.318,"FF","0-0","6",571656,514888,"5-6","Buck Farmer","R","Jose Altuve","R","Jose Altuve grounds out, pitcher Buck Farmer to first baseman Miguel Cabrera.  ","Groundout","7","bottom",-0.333333333333333,0,-0.333333333333333,0,-0.333333333333333
"64","gid_2016_04_15_detmlb_houmlb_1",53,"In play, out(s)","X","021944","2016-04-16T02:19:44Z",415,2.98,1.36,0.847,2.723,"FF","2-2","12",571656,514888,"5-6","Buck Farmer","R","Jose Altuve","R","Jose Altuve grounds out, pitcher Buck Farmer to first baseman Miguel Cabrera.  ","Groundout","7","bottom",-1,0,-1,-1,-2
"65","gid_2016_04_15_detmlb_houmlb_1",53,"Swinging Strike","S","021846","2016-04-16T02:18:46Z",413,2.98,1.36,0.696,0.316,"CH","1-1","14",571656,514888,"5-6","Buck Farmer","R","Jose Altuve","R","Jose Altuve grounds out, pitcher Buck Farmer to first baseman Miguel Cabrera.  ","Groundout","7","bottom",-0.4,0,-0.4,0,-0.4
"66","gid_2016_04_17_detmlb_houmlb_1",4,"Ball","B","181659","2016-04-17T18:16:59Z",24,2.91,1.34,1.357,3.441,"FF","0-0","12",434671,514888,"5-6","Anibal Sanchez","R","Jose Altuve","R","Jose Altuve homers (4) on a fly ball to right field.  ","Home Run","1","bottom",0.25,0,0.25,0,0.25
"67","gid_2016_04_17_detmlb_houmlb_1",4,"In play, run(s)","X","181718","2016-04-17T18:17:18Z",25,2.96,1.34,0.483,2.288,"SL","1-0","6",434671,514888,"5-6","Anibal Sanchez","R","Jose Altuve","R","Jose Altuve homers (4) on a fly ball to right field.  ","Home Run","1","bottom",1,0,1,2,3
"68","gid_2016_04_17_detmlb_houmlb_1",16,"Ball","B","184804","2016-04-17T18:48:04Z",129,3.05,1.45,-0.287,3.205,"SL","0-0","11",434671,514888,"5-6","Anibal Sanchez","R","Jose Altuve","R","Jose Altuve pops out to second baseman Ian Kinsler.  ","Pop Out","2","bottom",0.25,0,0.25,0,0.25
"69","gid_2016_04_17_detmlb_houmlb_1",16,"Foul","S","184826","2016-04-17T18:48:26Z",130,2.96,1.34,0.451,2.321,"SL","1-0","6",434671,514888,"5-6","Anibal Sanchez","R","Jose Altuve","R","Jose Altuve pops out to second baseman Ian Kinsler.  ","Pop Out","2","bottom",-0.333333333333333,0,-0.333333333333333,0,-0.333333333333333
"70","gid_2016_04_17_detmlb_houmlb_1",16,"In play, out(s)","X","184903","2016-04-17T18:49:03Z",131,2.96,1.34,-0.455,2.664,"FF","1-1","1",434671,514888,"5-6","Anibal Sanchez","R","Jose Altuve","R","Jose Altuve pops out to second baseman Ian Kinsler.  ","Pop Out","2","bottom",-1,0,-1,-2,-3
"71","gid_2016_04_17_detmlb_houmlb_1",34,"In play, run(s)","X","192840","2016-04-17T19:28:40Z",262,2.96,1.34,-0.34,3.052,"FF","0-0","11",434671,514888,"5-6","Anibal Sanchez","R","Jose Altuve","R","Jose Altuve singles on a line drive to left fielder Justin Upton.   Marwin Gonzalez scores.    Jake Marisnick scores.    Jose Altuve to 2nd on the throw.  ","Single","4","bottom",1,0,1,1.5,2.5
"72","gid_2016_04_08_houmlb_milmlb_1",57,"Ball","B","024221","2016-04-09T02:42:21Z",486,3,1.34,-1.101,2.067,"FF","0-0","13",592804,514888,"5-6","Tyler Thornburg","R","Jose Altuve","R","Jose Altuve flies out to right fielder Domingo Santana.  ","Flyout","8","top",0.25,0,0.25,0,0.25
"73","gid_2016_04_08_houmlb_milmlb_1",57,"In play, out(s)","X","024303","2016-04-09T02:43:03Z",487,3,1.34,-0.228,1.677,"FF","1-0","8",592804,514888,"5-6","Tyler Thornburg","R","Jose Altuve","R","Jose Altuve flies out to right fielder Domingo Santana.  ","Flyout","8","top",-1,0,-1,-1,-2
"74","gid_2016_04_16_detmlb_houmlb_1",61,"Ball","B","014510","2016-04-17T01:45:10Z",505,3.01,1.35,0.03,3.84,"SI","0-2","12",458677,514888,"5-6","Justin Wilson","L","Jose Altuve","R","Jose Altuve strikes out swinging.  ","Strikeout","7","bottom",0.25,0,0.25,0,0.25
"75","gid_2016_04_16_detmlb_houmlb_1",61,"Foul Tip","S","014425","2016-04-17T01:44:25Z",503,3.04,1.35,0.42,2.17,"SI","0-0","6",458677,514888,"5-6","Justin Wilson","L","Jose Altuve","R","Jose Altuve strikes out swinging.  ","Strikeout","7","bottom",-0.333333333333333,0,-0.333333333333333,0,-0.333333333333333
"76","gid_2016_04_16_detmlb_houmlb_1",61,"Swinging Strike","S","014445","2016-04-17T01:44:45Z",504,3.04,1.35,0.73,2.52,"SI","0-1","12",458677,514888,"5-6","Justin Wilson","L","Jose Altuve","R","Jose Altuve strikes out swinging.  ","Strikeout","7","bottom",-0.4,0,-0.4,0,-0.4
"77","gid_2016_04_16_detmlb_houmlb_1",61,"Swinging Strike","S","014540","2016-04-17T01:45:40Z",506,2.97,1.35,-0.65,0.36,"SL","1-2","13",458677,514888,"5-6","Justin Wilson","L","Jose Altuve","R","Jose Altuve strikes out swinging.  ","Strikeout","7","bottom",-0.4,0,-0.4,0,-0.4
"78","gid_2016_04_07_houmlb_nyamlb_1",55,"Called Strike","S","223008","2016-04-07T22:30:08Z",436,3.06,1.35,0.035,2.03,"FF","0-0","5",592741,514888,"5-6","Chasen Shreve","L","Jose Altuve","R","Jose Altuve grounds out softly, third baseman Chase Headley to first baseman Mark Teixeira.  ","Groundout","7","top",-0.333333333333333,0,-0.333333333333333,0,-0.333333333333333
"79","gid_2016_04_07_houmlb_nyamlb_1",55,"In play, out(s)","X","223030","2016-04-07T22:30:30Z",437,2.97,1.35,0.528,1.927,"FF","0-1","6",592741,514888,"5-6","Chasen Shreve","L","Jose Altuve","R","Jose Altuve grounds out softly, third baseman Chase Headley to first baseman Mark Teixeira.  ","Groundout","7","top",-1,0,-1,-3,-4
"80","gid_2016_04_06_houmlb_nyamlb_1",1,"Ball","B","230850","2016-04-06T23:08:50Z",3,2.98,1.41,-1.163,3.612,"FF","0-0","11",501381,514888,"5-6","Michael Pineda","R","Jose Altuve","R","Jose Altuve flies out to center fielder Jacoby Ellsbury.  ","Flyout","1","top",0.25,0,0.25,0,0.25
"81","gid_2016_04_06_houmlb_nyamlb_1",1,"Called Strike","S","230927","2016-04-06T23:09:27Z",5,2.95,1.34,-0.786,2.516,"FF","1-1","11",501381,514888,"5-6","Michael Pineda","R","Jose Altuve","R","Jose Altuve flies out to center fielder Jacoby Ellsbury.  ","Flyout","1","top",-0.333333333333333,0,-0.333333333333333,0,-0.333333333333333
"82","gid_2016_04_06_houmlb_nyamlb_1",1,"Foul","S","230949","2016-04-06T23:09:49Z",6,3.09,1.34,0.408,2.569,"FF","1-2","3",501381,514888,"5-6","Michael Pineda","R","Jose Altuve","R","Jose Altuve flies out to center fielder Jacoby Ellsbury.  ","Flyout","1","top",-0.333333333333333,0,-0.333333333333333,0,-0.333333333333333
"83","gid_2016_04_06_houmlb_nyamlb_1",1,"In play, out(s)","X","231015","2016-04-06T23:10:15Z",7,3.09,1.34,0.134,1.729,"SL","1-2","8",501381,514888,"5-6","Michael Pineda","R","Jose Altuve","R","Jose Altuve flies out to center fielder Jacoby Ellsbury.  ","Flyout","1","top",-1,0,-1,-1,-2
"84","gid_2016_04_06_houmlb_nyamlb_1",1,"Swinging Strike","S","230909","2016-04-06T23:09:09Z",4,3.09,1.34,-0.401,1.985,"FF","1-0","4",501381,514888,"5-6","Michael Pineda","R","Jose Altuve","R","Jose Altuve flies out to center fielder Jacoby Ellsbury.  ","Flyout","1","top",-0.4,0,-0.4,0,-0.4
"85","gid_2016_04_06_houmlb_nyamlb_1",43,"Ball","B","005726","2016-04-07T00:57:26Z",382,2.97,1.3,0.028,4.795,"FF","0-2","12",501381,514888,"5-6","Michael Pineda","R","Jose Altuve","R","Jose Altuve flies out to center fielder Jacoby Ellsbury.  ","Flyout","4","top",0.25,0,0.25,0,0.25
"86","gid_2016_04_06_houmlb_nyamlb_1",43,"Foul","S","005641","2016-04-07T00:56:41Z",380,3.09,1.34,0.148,2.528,"SL","0-0","2",501381,514888,"5-6","Michael Pineda","R","Jose Altuve","R","Jose Altuve flies out to center fielder Jacoby Ellsbury.  ","Flyout","4","top",-0.333333333333333,0,-0.333333333333333,0,-0.333333333333333
"87","gid_2016_04_06_houmlb_nyamlb_1",43,"Foul","S","005746","2016-04-07T00:57:46Z",383,3.09,1.34,-0.149,1.623,"SL","1-2","8",501381,514888,"5-6","Michael Pineda","R","Jose Altuve","R","Jose Altuve flies out to center fielder Jacoby Ellsbury.  ","Flyout","4","top",-0.333333333333333,0,-0.333333333333333,0,-0.333333333333333
"88","gid_2016_04_06_houmlb_nyamlb_1",43,"Foul","S","005815","2016-04-07T00:58:15Z",384,3.09,1.34,0.386,3.008,"FF","1-2","3",501381,514888,"5-6","Michael Pineda","R","Jose Altuve","R","Jose Altuve flies out to center fielder Jacoby Ellsbury.  ","Flyout","4","top",-0.333333333333333,0,-0.333333333333333,0,-0.333333333333333
"89","gid_2016_04_06_houmlb_nyamlb_1",43,"Foul","S","005843","2016-04-07T00:58:43Z",385,3.09,1.34,0.935,2.579,"FF","1-2","12",501381,514888,"5-6","Michael Pineda","R","Jose Altuve","R","Jose Altuve flies out to center fielder Jacoby Ellsbury.  ","Flyout","4","top",-0.333333333333333,0,-0.333333333333333,0,-0.333333333333333
"90","gid_2016_04_06_houmlb_nyamlb_1",43,"In play, out(s)","X","005920","2016-04-07T00:59:20Z",386,3.09,1.34,0.146,2.25,"CH","1-2","5",501381,514888,"5-6","Michael Pineda","R","Jose Altuve","R","Jose Altuve flies out to center fielder Jacoby Ellsbury.  ","Flyout","4","top",-1,0,-1,-1,-2
"91","gid_2016_04_06_houmlb_nyamlb_1",43,"Swinging Strike","S","005706","2016-04-07T00:57:06Z",381,3.09,1.34,0.137,0.788,"SL","0-1","14",501381,514888,"5-6","Michael Pineda","R","Jose Altuve","R","Jose Altuve flies out to center fielder Jacoby Ellsbury.  ","Flyout","4","top",-0.4,0,-0.4,0,-0.4
"92","gid_2016_04_06_houmlb_nyamlb_1",22,"Ball","B","000740","2016-04-07T00:07:40Z",204,3,1.33,-0.208,3.608,"SL","0-0","11",501381,514888,"5-6","Michael Pineda","R","Jose Altuve","R","Jose Altuve hit by pitch.  ","Hit By Pitch","2","top",0.25,0,0.25,0,0.25
"93","gid_2016_04_06_houmlb_nyamlb_1",22,"Foul","S","000808","2016-04-07T00:08:08Z",205,3.09,1.34,-0.339,3.184,"FF","1-0","11",501381,514888,"5-6","Michael Pineda","R","Jose Altuve","R","Jose Altuve hit by pitch.  ","Hit By Pitch","2","top",-0.333333333333333,0,-0.333333333333333,0,-0.333333333333333
"94","gid_2016_04_06_houmlb_nyamlb_1",22,"Hit By Pitch","B","000850","2016-04-07T00:08:50Z",206,3.09,1.34,-2.428,3.217,"FF","1-1","11",501381,514888,"5-6","Michael Pineda","R","Jose Altuve","R","Jose Altuve hit by pitch.  ","Hit By Pitch","2","top",1,0,1,0,1
"95","gid_2016_04_07_houmlb_nyamlb_1",37,"Ball","B","214455","2016-04-07T21:44:55Z",291,2.97,1.35,-1.266,2.634,"CH","0-1","11",543135,514888,"5-6","Nathan Eovaldi","R","Jose Altuve","R","Jose Altuve strikes out swinging.  ","Strikeout","5","top",0.25,0,0.25,0,0.25
"96","gid_2016_04_07_houmlb_nyamlb_1",37,"Called Strike","S","214443","2016-04-07T21:44:43Z",290,3.04,1.35,0.782,2.345,"FF","0-0","12",543135,514888,"5-6","Nathan Eovaldi","R","Jose Altuve","R","Jose Altuve strikes out swinging.  ","Strikeout","5","top",-0.333333333333333,0,-0.333333333333333,0,-0.333333333333333
"97","gid_2016_04_07_houmlb_nyamlb_1",37,"Foul","S","214511","2016-04-07T21:45:11Z",292,2.97,1.35,-1.038,2.152,"SI","1-1","13",543135,514888,"5-6","Nathan Eovaldi","R","Jose Altuve","R","Jose Altuve strikes out swinging.  ","Strikeout","5","top",-0.333333333333333,0,-0.333333333333333,0,-0.333333333333333
"98","gid_2016_04_07_houmlb_nyamlb_1",37,"Swinging Strike (Blocked)","S","214549","2016-04-07T21:45:49Z",293,2.97,1.35,0.711,0.422,"SI","1-2","14",543135,514888,"5-6","Nathan Eovaldi","R","Jose Altuve","R","Jose Altuve strikes out swinging.  ","Strikeout","5","top",-0.4,0,-0.4,0,-0.4
"99","gid_2016_04_07_houmlb_nyamlb_1",18,"Called Strike","S","205956","2016-04-07T20:59:56Z",143,2.95,1.35,-0.501,1.586,"FF","0-0","7",543135,514888,"5-6","Nathan Eovaldi","R","Jose Altuve","R","Jose Altuve flies out to center fielder Jacoby Ellsbury.  ","Flyout","3","top",-0.333333333333333,0,-0.333333333333333,0,-0.333333333333333
"100","gid_2016_04_07_houmlb_nyamlb_1",18,"Called Strike","S","210012","2016-04-07T21:00:12Z",144,3.01,1.35,0.46,2.423,"FF","0-1","6",543135,514888,"5-6","Nathan Eovaldi","R","Jose Altuve","R","Jose Altuve flies out to center fielder Jacoby Ellsbury.  ","Flyout","3","top",-0.333333333333333,0,-0.333333333333333,0,-0.333333333333333
"101","gid_2016_04_07_houmlb_nyamlb_1",18,"Foul","S","210031","2016-04-07T21:00:31Z",145,2.97,1.35,0.25,2.504,"SL","0-2","3",543135,514888,"5-6","Nathan Eovaldi","R","Jose Altuve","R","Jose Altuve flies out to center fielder Jacoby Ellsbury.  ","Flyout","3","top",-0.333333333333333,0,-0.333333333333333,0,-0.333333333333333
"102","gid_2016_04_07_houmlb_nyamlb_1",18,"In play, out(s)","X","210106","2016-04-07T21:01:06Z",146,2.97,1.35,-1.054,2.326,"FF","0-2","11",543135,514888,"5-6","Nathan Eovaldi","R","Jose Altuve","R","Jose Altuve flies out to center fielder Jacoby Ellsbury.  ","Flyout","3","top",-1,0,-1,-1,-2
"103","gid_2016_04_07_houmlb_nyamlb_1",1,"In play, out(s)","X","201814","2016-04-07T20:18:14Z",3,2.97,1.35,-0.09,2.379,"FF","0-0","5",543135,514888,"5-6","Nathan Eovaldi","R","Jose Altuve","R","Jose Altuve lines out to right fielder Carlos Beltran.  ","Lineout","1","top",-1,0,-1,1.5,0.5
"104","gid_2016_04_05_houmlb_nyamlb_1",24,"Ball","B","181103","2016-04-05T18:11:03Z",189,2.96,1.35,-0.018,3.861,"SI","0-0","11",547888,514888,"5-6","Masahiro Tanaka","R","Jose Altuve","R","Jose Altuve doubles (1) on a sharp line drive to left fielder Aaron Hicks.  ","Double","4","top",0.25,0,0.25,0,0.25
"105","gid_2016_04_05_houmlb_nyamlb_1",24,"Ball","B","181120","2016-04-05T18:11:20Z",190,2.96,1.35,-0.637,3.718,"SI","1-0","11",547888,514888,"5-6","Masahiro Tanaka","R","Jose Altuve","R","Jose Altuve doubles (1) on a sharp line drive to left fielder Aaron Hicks.  ","Double","4","top",0.25,0,0.25,0,0.25
"106","gid_2016_04_05_houmlb_nyamlb_1",24,"Ball","B","181142","2016-04-05T18:11:42Z",191,2.96,1.35,-1.096,3.606,"SI","2-0","11",547888,514888,"5-6","Masahiro Tanaka","R","Jose Altuve","R","Jose Altuve doubles (1) on a sharp line drive to left fielder Aaron Hicks.  ","Double","4","top",0.25,0,0.25,0,0.25
"107","gid_2016_04_05_houmlb_nyamlb_1",24,"Called Strike","S","181202","2016-04-05T18:12:02Z",192,2.96,1.35,-0.064,2.064,"SI","3-0","5",547888,514888,"5-6","Masahiro Tanaka","R","Jose Altuve","R","Jose Altuve doubles (1) on a sharp line drive to left fielder Aaron Hicks.  ","Double","4","top",-0.333333333333333,0,-0.333333333333333,0,-0.333333333333333
"108","gid_2016_04_05_houmlb_nyamlb_1",24,"Called Strike","S","181225","2016-04-05T18:12:25Z",193,2.96,1.35,0.431,2.31,"SI","3-1","6",547888,514888,"5-6","Masahiro Tanaka","R","Jose Altuve","R","Jose Altuve doubles (1) on a sharp line drive to left fielder Aaron Hicks.  ","Double","4","top",-0.333333333333333,0,-0.333333333333333,0,-0.333333333333333
"109","gid_2016_04_05_houmlb_nyamlb_1",24,"In play, no out","X","181254","2016-04-05T18:12:54Z",194,2.96,1.35,-0.365,2.863,"SI","3-2","1",547888,514888,"5-6","Masahiro Tanaka","R","Jose Altuve","R","Jose Altuve doubles (1) on a sharp line drive to left fielder Aaron Hicks.  ","Double","4","top",1,0,1,4,5
"110","gid_2016_04_05_houmlb_nyamlb_1",39,"Ball","B","185120","2016-04-05T18:51:20Z",308,2.96,1.35,-0.537,3.893,"SI","0-0","11",547888,514888,"5-6","Masahiro Tanaka","R","Jose Altuve","R","Jose Altuve grounds out, shortstop Didi Gregorius to first baseman Mark Teixeira.  ","Groundout","6","top",0.25,0,0.25,0,0.25
"111","gid_2016_04_05_houmlb_nyamlb_1",39,"Ball","B","185134","2016-04-05T18:51:34Z",309,2.96,1.35,-0.652,4.464,"SI","1-0","11",547888,514888,"5-6","Masahiro Tanaka","R","Jose Altuve","R","Jose Altuve grounds out, shortstop Didi Gregorius to first baseman Mark Teixeira.  ","Groundout","6","top",0.25,0,0.25,0,0.25
"112","gid_2016_04_05_houmlb_nyamlb_1",39,"Ball","B","185220","2016-04-05T18:52:20Z",311,2.96,1.35,0.88,3.101,"SI","2-1","12",547888,514888,"5-6","Masahiro Tanaka","R","Jose Altuve","R","Jose Altuve grounds out, shortstop Didi Gregorius to first baseman Mark Teixeira.  ","Groundout","6","top",0.25,0,0.25,0,0.25
"113","gid_2016_04_05_houmlb_nyamlb_1",39,"Called Strike","S","185239","2016-04-05T18:52:39Z",312,2.96,1.35,-0.371,2.988,"SI","3-1","11",547888,514888,"5-6","Masahiro Tanaka","R","Jose Altuve","R","Jose Altuve grounds out, shortstop Didi Gregorius to first baseman Mark Teixeira.  ","Groundout","6","top",-0.333333333333333,0,-0.333333333333333,0,-0.333333333333333
"114","gid_2016_04_05_houmlb_nyamlb_1",39,"In play, out(s)","X","185304","2016-04-05T18:53:04Z",313,2.96,1.35,-0.205,2.17,"SI","3-2","5",547888,514888,"5-6","Masahiro Tanaka","R","Jose Altuve","R","Jose Altuve grounds out, shortstop Didi Gregorius to first baseman Mark Teixeira.  ","Groundout","6","top",-1,0,-1,-1,-2
"115","gid_2016_04_05_houmlb_nyamlb_1",39,"Swinging Strike","S","185202","2016-04-05T18:52:02Z",310,2.96,1.35,-0.482,2.27,"SI","2-0","4",547888,514888,"5-6","Masahiro Tanaka","R","Jose Altuve","R","Jose Altuve grounds out, shortstop Didi Gregorius to first baseman Mark Teixeira.  ","Groundout","6","top",-0.4,0,-0.4,0,-0.4
"116","gid_2016_04_05_houmlb_nyamlb_1",1,"Ball","B","171128","2016-04-05T17:11:28Z",3,2.96,1.35,0.194,3.225,"FF","0-0","12",547888,514888,"5-6","Masahiro Tanaka","R","Jose Altuve","R","Jose Altuve grounds out, shortstop Didi Gregorius to first baseman Mark Teixeira.  ","Groundout","1","top",0.25,0,0.25,0,0.25
"117","gid_2016_04_05_houmlb_nyamlb_1",1,"Ball","B","171311","2016-04-05T17:13:11Z",7,2.96,1.35,-1.367,2.459,"SI","1-2","11",547888,514888,"5-6","Masahiro Tanaka","R","Jose Altuve","R","Jose Altuve grounds out, shortstop Didi Gregorius to first baseman Mark Teixeira.  ","Groundout","1","top",0.25,0,0.25,0,0.25
"118","gid_2016_04_05_houmlb_nyamlb_1",1,"Called Strike","S","171151","2016-04-05T17:11:51Z",4,2.96,1.35,0.51,1.965,"SI","1-0","6",547888,514888,"5-6","Masahiro Tanaka","R","Jose Altuve","R","Jose Altuve grounds out, shortstop Didi Gregorius to first baseman Mark Teixeira.  ","Groundout","1","top",-0.333333333333333,0,-0.333333333333333,0,-0.333333333333333
"119","gid_2016_04_05_houmlb_nyamlb_1",1,"Foul","S","171238","2016-04-05T17:12:38Z",6,2.96,1.35,1.064,2.069,"SL","1-2","14",547888,514888,"5-6","Masahiro Tanaka","R","Jose Altuve","R","Jose Altuve grounds out, shortstop Didi Gregorius to first baseman Mark Teixeira.  ","Groundout","1","top",-0.333333333333333,0,-0.333333333333333,0,-0.333333333333333
"120","gid_2016_04_05_houmlb_nyamlb_1",1,"In play, out(s)","X","171350","2016-04-05T17:13:50Z",8,2.96,1.35,0.497,2.586,"SI","2-2","3",547888,514888,"5-6","Masahiro Tanaka","R","Jose Altuve","R","Jose Altuve grounds out, shortstop Didi Gregorius to first baseman Mark Teixeira.  ","Groundout","1","top",-1,0,-1,-1,-2
"121","gid_2016_04_05_houmlb_nyamlb_1",1,"Swinging Strike","S","171214","2016-04-05T17:12:14Z",5,2.96,1.35,0.761,2.067,"SL","1-1","14",547888,514888,"5-6","Masahiro Tanaka","R","Jose Altuve","R","Jose Altuve grounds out, shortstop Didi Gregorius to first baseman Mark Teixeira.  ","Groundout","1","top",-0.4,0,-0.4,0,-0.4
"122","gid_2016_04_06_houmlb_nyamlb_1",60,"Ball","B","013911","2016-04-07T01:39:11Z",521,2.98,1.23,-0.991,4.553,"SL","0-1","11",467100,514888,"5-6","Ivan Nova","R","Jose Altuve","R","Jose Altuve singles on a sharp line drive to center fielder Jacoby Ellsbury.   Preston Tucker to 2nd.  ","Single","6","top",0.25,0,0.25,0,0.25
"123","gid_2016_04_06_houmlb_nyamlb_1",60,"Called Strike","S","013850","2016-04-07T01:38:50Z",520,2.98,1.3,0.482,1.262,"SI","0-0","14",467100,514888,"5-6","Ivan Nova","R","Jose Altuve","R","Jose Altuve singles on a sharp line drive to center fielder Jacoby Ellsbury.   Preston Tucker to 2nd.  ","Single","6","top",-0.333333333333333,0,-0.333333333333333,0,-0.333333333333333
"124","gid_2016_04_06_houmlb_nyamlb_1",60,"In play, no out","X","013953","2016-04-07T01:39:53Z",522,3.09,1.34,-0.075,2.446,"SI","1-1","5",467100,514888,"5-6","Ivan Nova","R","Jose Altuve","R","Jose Altuve singles on a sharp line drive to center fielder Jacoby Ellsbury.   Preston Tucker to 2nd.  ","Single","6","top",1,0,1,3,4
"125","gid_2016_04_05_houmlb_nyamlb_1",54,"Ball","B","193559","2016-04-05T19:35:59Z",435,3.11,1.41,-1.652,3.182,"FF","0-0","11",476454,514888,"5-6","Dellin Betances","R","Jose Altuve","R","Jose Altuve walks.  ","Walk","8","top",0.25,0,0.25,0,0.25
"126","gid_2016_04_05_houmlb_nyamlb_1",54,"Ball","B","193612","2016-04-05T19:36:12Z",436,2.96,1.39,1.205,4.027,"FF","1-0","12",476454,514888,"5-6","Dellin Betances","R","Jose Altuve","R","Jose Altuve walks.  ","Walk","8","top",0.25,0,0.25,0,0.25
"127","gid_2016_04_05_houmlb_nyamlb_1",54,"Ball","B","193636","2016-04-05T19:36:36Z",437,2.96,1.35,0.307,3.38,"FF","2-0","12",476454,514888,"5-6","Dellin Betances","R","Jose Altuve","R","Jose Altuve walks.  ","Walk","8","top",0.25,0,0.25,0,0.25
"128","gid_2016_04_05_houmlb_nyamlb_1",54,"Ball","B","193717","2016-04-05T19:37:17Z",439,2.96,1.35,1.098,2.353,"FF","3-1","12",476454,514888,"5-6","Dellin Betances","R","Jose Altuve","R","Jose Altuve walks.  ","Walk","8","top",0.25,0,0.25,0,0.25
"129","gid_2016_04_05_houmlb_nyamlb_1",54,"Called Strike","S","193650","2016-04-05T19:36:50Z",438,2.97,1.32,-0.036,3.106,"FF","3-0","11",476454,514888,"5-6","Dellin Betances","R","Jose Altuve","R","Jose Altuve walks.  ","Walk","8","top",-0.333333333333333,0,-0.333333333333333,0,-0.333333333333333
"130","gid_2016_04_05_houmlb_nyamlb_1",67,"Ball","B","201900","2016-04-05T20:19:00Z",568,2.96,1.35,1.278,1.722,"FF","0-1","14",592127,514888,"5-6","John Barbato","R","Jose Altuve","R","Jose Altuve lines out sharply to left fielder Brett Gardner.  ","Lineout","9","top",0.25,0,0.25,0,0.25
"131","gid_2016_04_05_houmlb_nyamlb_1",67,"Ball","B","201926","2016-04-05T20:19:26Z",569,2.96,1.35,-1.961,3.327,"FF","1-1","11",592127,514888,"5-6","John Barbato","R","Jose Altuve","R","Jose Altuve lines out sharply to left fielder Brett Gardner.  ","Lineout","9","top",0.25,0,0.25,0,0.25
"132","gid_2016_04_05_houmlb_nyamlb_1",67,"Foul Tip","S","201836","2016-04-05T20:18:36Z",567,2.96,1.35,-0.151,3.241,"FF","0-0","11",592127,514888,"5-6","John Barbato","R","Jose Altuve","R","Jose Altuve lines out sharply to left fielder Brett Gardner.  ","Lineout","9","top",-0.333333333333333,0,-0.333333333333333,0,-0.333333333333333
"133","gid_2016_04_05_houmlb_nyamlb_1",67,"In play, out(s)","X","202000","2016-04-05T20:20:00Z",570,2.96,1.35,-0.318,2.719,"FF","2-1","1",592127,514888,"5-6","John Barbato","R","Jose Altuve","R","Jose Altuve lines out sharply to left fielder Brett Gardner.  ","Lineout","9","top",-1,0,-1,3,2
"134","gid_2016_04_13_kcamlb_houmlb_1",75,"In play, out(s)","X","031406","2016-04-14T03:14:06Z",588,3,1.38,-0.332,3.001,"SL","0-0","11",465657,514888,"5-6","Joakim Soria","R","Jose Altuve","R","Jose Altuve lines out sharply to shortstop Alcides Escobar.  ","Lineout","9","bottom",-1,0,-1,3,2
"135","gid_2016_04_11_kcamlb_houmlb_1",4,"In play, no out","X","001936","2016-04-12T00:19:36Z",25,3,1.36,0.205,1.636,"FF","0-0","8",432934,514888,"5-6","Chris Young","R","Jose Altuve","R","Jose Altuve singles on a line drive to left fielder Alex Gordon.  ","Single","1","bottom",1,0,1,1.5,2.5
"136","gid_2016_04_11_kcamlb_houmlb_1",35,"Ball In Dirt","B","012427","2016-04-12T01:24:27Z",274,3,1.42,0.431,-0.94,"SL","0-0","14",432934,514888,"5-6","Chris Young","R","Jose Altuve","R","Jose Altuve singles on a line drive to center fielder Lorenzo Cain.   Jason Castro scores.  ","Single","4","bottom",0.25,0,0.25,0,0.25
"137","gid_2016_04_11_kcamlb_houmlb_1",35,"Foul","S","012456","2016-04-12T01:24:56Z",275,3,1.36,0.789,2.89,"SL","1-0","12",432934,514888,"5-6","Chris Young","R","Jose Altuve","R","Jose Altuve singles on a line drive to center fielder Lorenzo Cain.   Jason Castro scores.  ","Single","4","bottom",-0.333333333333333,0,-0.333333333333333,0,-0.333333333333333
"138","gid_2016_04_11_kcamlb_houmlb_1",35,"In play, run(s)","X","012501","2016-04-12T01:25:01Z",276,3,1.36,-0.776,2.843,"FF","1-1","11",432934,514888,"5-6","Chris Young","R","Jose Altuve","R","Jose Altuve singles on a line drive to center fielder Lorenzo Cain.   Jason Castro scores.  ","Single","4","bottom",1,0,1,1.5,2.5
"139","gid_2016_04_11_kcamlb_houmlb_1",21,"Foul","S","005405","2016-04-12T00:54:05Z",159,3,1.36,0.076,-0.103,"SL","0-0","14",432934,514888,"5-6","Chris Young","R","Jose Altuve","R","Jose Altuve strikes out swinging.  Jose Altuve out on batter interference.  ","Batter Interference","3","bottom",-0.333333333333333,0,-0.333333333333333,0,-0.333333333333333
"140","gid_2016_04_11_kcamlb_houmlb_1",21,"Foul","S","005406","2016-04-12T00:54:06Z",160,3,1.36,0.939,2.666,"SL","0-1","12",432934,514888,"5-6","Chris Young","R","Jose Altuve","R","Jose Altuve strikes out swinging.  Jose Altuve out on batter interference.  ","Batter Interference","3","bottom",-0.333333333333333,0,-0.333333333333333,0,-0.333333333333333
"141","gid_2016_04_11_kcamlb_houmlb_1",21,"Swinging Strike (Blocked)","S","005410","2016-04-12T00:54:10Z",161,3,1.36,0.664,0.497,"SL","0-2","14",432934,514888,"5-6","Chris Young","R","Jose Altuve","R","Jose Altuve strikes out swinging.  Jose Altuve out on batter interference.  ","Batter Interference","3","bottom",-0.4,0,-0.4,0,-0.4
"142","gid_2016_04_12_kcamlb_houmlb_1",72,"Ball","B","032202","2016-04-13T03:22:02Z",604,2.94,1.3,1.34,1.35,"SL","0-1","14",451584,514888,"5-6","Wade Davis","R","Jose Altuve","R","Jose Altuve flies out to right fielder Paulo Orlando.  ","Flyout","9","bottom",0.25,0,0.25,0,0.25
"143","gid_2016_04_12_kcamlb_houmlb_1",72,"Ball","B","032223","2016-04-13T03:22:23Z",605,2.87,1.38,-1.11,3.64,"KN","1-1","11",451584,514888,"5-6","Wade Davis","R","Jose Altuve","R","Jose Altuve flies out to right fielder Paulo Orlando.  ","Flyout","9","bottom",0.25,0,0.25,0,0.25
"144","gid_2016_04_12_kcamlb_houmlb_1",72,"Ball","B","032250","2016-04-13T03:22:50Z",606,2.84,1.26,0.38,1.28,"SL","2-1","9",451584,514888,"5-6","Wade Davis","R","Jose Altuve","R","Jose Altuve flies out to right fielder Paulo Orlando.  ","Flyout","9","bottom",0.25,0,0.25,0,0.25
"145","gid_2016_04_12_kcamlb_houmlb_1",72,"Foul","S","032140","2016-04-13T03:21:40Z",603,2.97,1.35,-0.15,2.73,"FF","0-0","2",451584,514888,"5-6","Wade Davis","R","Jose Altuve","R","Jose Altuve flies out to right fielder Paulo Orlando.  ","Flyout","9","bottom",-0.333333333333333,0,-0.333333333333333,0,-0.333333333333333
"146","gid_2016_04_12_kcamlb_houmlb_1",72,"In play, out(s)","X","032356","2016-04-13T03:23:56Z",608,2.97,1.35,-0.61,2.14,"FF","3-2","4",451584,514888,"5-6","Wade Davis","R","Jose Altuve","R","Jose Altuve flies out to right fielder Paulo Orlando.  ","Flyout","9","bottom",-1,0,-1,-1,-2
"147","gid_2016_04_12_kcamlb_houmlb_1",72,"Swinging Strike","S","032325","2016-04-13T03:23:25Z",607,2.97,1.35,1.5,1.96,"SL","3-1","14",451584,514888,"5-6","Wade Davis","R","Jose Altuve","R","Jose Altuve flies out to right fielder Paulo Orlando.  ","Flyout","9","bottom",-0.4,0,-0.4,0,-0.4
"148","gid_2016_04_14_kcamlb_houmlb_1",68,"Foul","S","024004","2016-04-15T02:40:04Z",520,2.9,1.37,-0.136,2.201,"SI","0-0","5",518633,514888,"5-6","Danny Duffy","L","Jose Altuve","R","Jose Altuve doubles (4) on a line drive to center fielder Lorenzo Cain.   Evan Gattis to 3rd.  ","Double","9","bottom",-0.333333333333333,0,-0.333333333333333,0,-0.333333333333333
"149","gid_2016_04_14_kcamlb_houmlb_1",68,"In play, no out","X","024056","2016-04-15T02:40:56Z",522,2.98,1.37,0.637,2.44,"SI","0-2","6",518633,514888,"5-6","Danny Duffy","L","Jose Altuve","R","Jose Altuve doubles (4) on a line drive to center fielder Lorenzo Cain.   Evan Gattis to 3rd.  ","Double","9","bottom",1,0,1,2.5,3.5
"150","gid_2016_04_14_kcamlb_houmlb_1",68,"Swinging Strike","S","024040","2016-04-15T02:40:40Z",521,2.94,1.37,0.126,2.082,"CH","0-1","5",518633,514888,"5-6","Danny Duffy","L","Jose Altuve","R","Jose Altuve doubles (4) on a line drive to center fielder Lorenzo Cain.   Evan Gattis to 3rd.  ","Double","9","bottom",-0.4,0,-0.4,0,-0.4
"151","gid_2016_04_11_kcamlb_houmlb_1",72,"Ball","B","025154","2016-04-12T02:51:54Z",574,2.87,1.36,1.587,-0.029,"SI","0-1","14",518633,514888,"5-6","Danny Duffy","L","Jose Altuve","R","Jose Altuve walks.  ","Walk","8","bottom",0.25,0,0.25,0,0.25
"152","gid_2016_04_11_kcamlb_houmlb_1",72,"Ball","B","025221","2016-04-12T02:52:21Z",575,2.87,1.41,1.164,2.628,"FF","1-1","12",518633,514888,"5-6","Danny Duffy","L","Jose Altuve","R","Jose Altuve walks.  ","Walk","8","bottom",0.25,0,0.25,0,0.25
"153","gid_2016_04_11_kcamlb_houmlb_1",72,"Ball","B","025239","2016-04-12T02:52:39Z",576,2.83,1.36,1.397,2.191,"FF","2-1","12",518633,514888,"5-6","Danny Duffy","L","Jose Altuve","R","Jose Altuve walks.  ","Walk","8","bottom",0.25,0,0.25,0,0.25
"154","gid_2016_04_11_kcamlb_houmlb_1",72,"Ball","B","025302","2016-04-12T02:53:02Z",577,2.87,1.36,0.083,3.196,"FF","3-1","12",518633,514888,"5-6","Danny Duffy","L","Jose Altuve","R","Jose Altuve walks.  ","Walk","8","bottom",0.25,0,0.25,0,0.25
"155","gid_2016_04_11_kcamlb_houmlb_1",72,"Foul","S","025127","2016-04-12T02:51:27Z",573,3,1.36,-0.299,1.681,"FF","0-0","7",518633,514888,"5-6","Danny Duffy","L","Jose Altuve","R","Jose Altuve walks.  ","Walk","8","bottom",-0.333333333333333,0,-0.333333333333333,0,-0.333333333333333
"156","gid_2016_04_13_kcamlb_houmlb_1",58,"Ball","B","023159","2016-04-14T02:31:59Z",445,2.96,1.27,1.118,2.223,"SL","0-0","12",460024,514888,"5-6","Luke Hochevar","R","Jose Altuve","R","Jose Altuve doubles (3) on a sharp ground ball to center fielder Lorenzo Cain.   Jake Marisnick scores.  ","Double","7","bottom",0.25,0,0.25,0,0.25
"157","gid_2016_04_13_kcamlb_houmlb_1",58,"Called Strike","S","023243","2016-04-14T02:32:43Z",447,2.93,1.21,0.502,2.514,"KN","1-1","3",460024,514888,"5-6","Luke Hochevar","R","Jose Altuve","R","Jose Altuve doubles (3) on a sharp ground ball to center fielder Lorenzo Cain.   Jake Marisnick scores.  ","Double","7","bottom",-0.333333333333333,0,-0.333333333333333,0,-0.333333333333333
"158","gid_2016_04_13_kcamlb_houmlb_1",58,"In play, run(s)","X","023319","2016-04-14T02:33:19Z",448,3,1.38,-0.181,2.459,"KN","1-2","5",460024,514888,"5-6","Luke Hochevar","R","Jose Altuve","R","Jose Altuve doubles (3) on a sharp ground ball to center fielder Lorenzo Cain.   Jake Marisnick scores.  ","Double","7","bottom",1,0,1,2.5,3.5
"159","gid_2016_04_13_kcamlb_houmlb_1",58,"Swinging Strike","S","023222","2016-04-14T02:32:22Z",446,3,1.38,-0.435,3.515,"KN","1-0","11",460024,514888,"5-6","Luke Hochevar","R","Jose Altuve","R","Jose Altuve doubles (3) on a sharp ground ball to center fielder Lorenzo Cain.   Jake Marisnick scores.  ","Double","7","bottom",-0.4,0,-0.4,0,-0.4
"160","gid_2016_04_12_kcamlb_houmlb_1",56,"Ball","B","023835","2016-04-13T02:38:35Z",462,2.94,1.26,-0.34,3.82,"SL","0-0","11",516969,514888,"5-6","Kelvin Herrera","R","Jose Altuve","R","Jose Altuve flies out to center fielder Lorenzo Cain.  ","Flyout","7","bottom",0.25,0,0.25,0,0.25
"161","gid_2016_04_12_kcamlb_houmlb_1",56,"Ball","B","023855","2016-04-13T02:38:55Z",463,2.8,1.27,0.18,3.38,"SL","1-0","12",516969,514888,"5-6","Kelvin Herrera","R","Jose Altuve","R","Jose Altuve flies out to center fielder Lorenzo Cain.  ","Flyout","7","bottom",0.25,0,0.25,0,0.25
"162","gid_2016_04_12_kcamlb_houmlb_1",56,"Ball","B","023946","2016-04-13T02:39:46Z",465,2.88,1.3,0.92,3.26,"FF","2-1","12",516969,514888,"5-6","Kelvin Herrera","R","Jose Altuve","R","Jose Altuve flies out to center fielder Lorenzo Cain.  ","Flyout","7","bottom",0.25,0,0.25,0,0.25
"163","gid_2016_04_12_kcamlb_houmlb_1",56,"Foul","S","024016","2016-04-13T02:40:16Z",466,2.97,1.35,-0.42,1.72,"FF","3-1","7",516969,514888,"5-6","Kelvin Herrera","R","Jose Altuve","R","Jose Altuve flies out to center fielder Lorenzo Cain.  ","Flyout","7","bottom",-0.333333333333333,0,-0.333333333333333,0,-0.333333333333333
"164","gid_2016_04_12_kcamlb_houmlb_1",56,"In play, out(s)","X","024052","2016-04-13T02:40:52Z",467,2.97,1.35,0.4,2.57,"SL","3-2","3",516969,514888,"5-6","Kelvin Herrera","R","Jose Altuve","R","Jose Altuve flies out to center fielder Lorenzo Cain.  ","Flyout","7","bottom",-1,0,-1,-1,-2
"165","gid_2016_04_12_kcamlb_houmlb_1",56,"Swinging Strike","S","023920","2016-04-13T02:39:20Z",464,2.97,1.35,-0.68,3,"FF","2-0","11",516969,514888,"5-6","Kelvin Herrera","R","Jose Altuve","R","Jose Altuve flies out to center fielder Lorenzo Cain.  ","Flyout","7","bottom",-0.4,0,-0.4,0,-0.4
"166","gid_2016_04_14_kcamlb_houmlb_1",6,"Ball","B","002251","2016-04-15T00:22:51Z",45,2.9,1.37,1.011,1.697,"FF","0-0","14",453178,514888,"5-6","Ian Kennedy","R","Jose Altuve","R","Jose Altuve flies out to center fielder Lorenzo Cain.  ","Flyout","1","bottom",0.25,0,0.25,0,0.25
"167","gid_2016_04_14_kcamlb_houmlb_1",6,"Ball","B","002255","2016-04-15T00:22:55Z",47,2.97,1.37,1.442,2.804,"SL","1-1","12",453178,514888,"5-6","Ian Kennedy","R","Jose Altuve","R","Jose Altuve flies out to center fielder Lorenzo Cain.  ","Flyout","1","bottom",0.25,0,0.25,0,0.25
"168","gid_2016_04_14_kcamlb_houmlb_1",6,"Foul","S","002251","2016-04-15T00:22:51Z",46,3.01,1.37,0.086,3.221,"FF","1-0","12",453178,514888,"5-6","Ian Kennedy","R","Jose Altuve","R","Jose Altuve flies out to center fielder Lorenzo Cain.  ","Flyout","1","bottom",-0.333333333333333,0,-0.333333333333333,0,-0.333333333333333
"169","gid_2016_04_14_kcamlb_houmlb_1",6,"In play, out(s)","X","002303","2016-04-15T00:23:03Z",48,3,1.37,0.012,1.644,"FF","2-1","8",453178,514888,"5-6","Ian Kennedy","R","Jose Altuve","R","Jose Altuve flies out to center fielder Lorenzo Cain.  ","Flyout","1","bottom",-1,0,-1,-1,-2
"170","gid_2016_04_14_kcamlb_houmlb_1",50,"Ball","B","015701","2016-04-15T01:57:01Z",374,2.98,1.37,1.256,0.574,"SL","0-0","14",453178,514888,"5-6","Ian Kennedy","R","Jose Altuve","R","Jose Altuve homers (3) on a fly ball to right center field.  ","Home Run","7","bottom",0.25,0,0.25,0,0.25
"171","gid_2016_04_14_kcamlb_houmlb_1",50,"Ball","B","015721","2016-04-15T01:57:21Z",375,2.98,1.37,0.855,3.575,"FF","1-0","12",453178,514888,"5-6","Ian Kennedy","R","Jose Altuve","R","Jose Altuve homers (3) on a fly ball to right center field.  ","Home Run","7","bottom",0.25,0,0.25,0,0.25
"172","gid_2016_04_14_kcamlb_houmlb_1",50,"In play, run(s)","X","015742","2016-04-15T01:57:42Z",376,2.98,1.37,0.218,1.579,"FF","2-0","8",453178,514888,"5-6","Ian Kennedy","R","Jose Altuve","R","Jose Altuve homers (3) on a fly ball to right center field.  ","Home Run","7","bottom",1,0,1,2,3
"173","gid_2016_04_14_kcamlb_houmlb_1",24,"Ball","B","010145","2016-04-15T01:01:45Z",177,2.9,1.37,0.855,1.951,"KN","0-1","14",453178,514888,"5-6","Ian Kennedy","R","Jose Altuve","R","Jose Altuve called out on strikes.  ","Strikeout","4","bottom",0.25,0,0.25,0,0.25
"174","gid_2016_04_14_kcamlb_houmlb_1",24,"Called Strike","S","010131","2016-04-15T01:01:31Z",176,2.98,1.37,0.346,2.468,"KN","0-0","3",453178,514888,"5-6","Ian Kennedy","R","Jose Altuve","R","Jose Altuve called out on strikes.  ","Strikeout","4","bottom",-0.333333333333333,0,-0.333333333333333,0,-0.333333333333333
"175","gid_2016_04_14_kcamlb_houmlb_1",24,"Called Strike","S","010202","2016-04-15T01:02:02Z",178,2.98,1.37,0.505,2.72,"FF","1-1","3",453178,514888,"5-6","Ian Kennedy","R","Jose Altuve","R","Jose Altuve called out on strikes.  ","Strikeout","4","bottom",-0.333333333333333,0,-0.333333333333333,0,-0.333333333333333
"176","gid_2016_04_14_kcamlb_houmlb_1",24,"Called Strike","S","010240","2016-04-15T01:02:40Z",180,2.9,1.37,0.819,2.427,"KN","1-2","12",453178,514888,"5-6","Ian Kennedy","R","Jose Altuve","R","Jose Altuve called out on strikes.  ","Strikeout","4","bottom",-0.333333333333333,0,-0.333333333333333,0,-0.333333333333333
"177","gid_2016_04_14_kcamlb_houmlb_1",24,"Foul","S","010219","2016-04-15T01:02:19Z",179,2.94,1.37,1.023,2.336,"SL","1-2","12",453178,514888,"5-6","Ian Kennedy","R","Jose Altuve","R","Jose Altuve called out on strikes.  ","Strikeout","4","bottom",-0.333333333333333,0,-0.333333333333333,0,-0.333333333333333
"178","gid_2016_04_13_kcamlb_houmlb_1",5,"Ball","B","002230","2016-04-14T00:22:30Z",37,3,1.21,1.419,0.518,"CU","0-1","14",570649,514888,"5-6","Yordano Ventura","R","Jose Altuve","R","Jose Altuve doubles (2) on a line drive to right fielder Paulo Orlando.  ","Double","1","bottom",0.25,0,0.25,0,0.25
"179","gid_2016_04_13_kcamlb_houmlb_1",5,"Ball","B","002249","2016-04-14T00:22:49Z",38,3.04,1.28,0.553,1.171,"FF","1-1","14",570649,514888,"5-6","Yordano Ventura","R","Jose Altuve","R","Jose Altuve doubles (2) on a line drive to right fielder Paulo Orlando.  ","Double","1","bottom",0.25,0,0.25,0,0.25
"180","gid_2016_04_13_kcamlb_houmlb_1",5,"Called Strike","S","002219","2016-04-14T00:22:19Z",36,2.97,1.17,0.064,3.217,"FF","0-0","12",570649,514888,"5-6","Yordano Ventura","R","Jose Altuve","R","Jose Altuve doubles (2) on a line drive to right fielder Paulo Orlando.  ","Double","1","bottom",-0.333333333333333,0,-0.333333333333333,0,-0.333333333333333
"181","gid_2016_04_13_kcamlb_houmlb_1",5,"Called Strike","S","002306","2016-04-14T00:23:06Z",39,3.01,1.25,-0.149,3.288,"FF","2-1","11",570649,514888,"5-6","Yordano Ventura","R","Jose Altuve","R","Jose Altuve doubles (2) on a line drive to right fielder Paulo Orlando.  ","Double","1","bottom",-0.333333333333333,0,-0.333333333333333,0,-0.333333333333333
"182","gid_2016_04_13_kcamlb_houmlb_1",5,"In play, no out","X","002333","2016-04-14T00:23:33Z",40,3,1.38,0.298,2.41,"FF","2-2","6",570649,514888,"5-6","Yordano Ventura","R","Jose Altuve","R","Jose Altuve doubles (2) on a line drive to right fielder Paulo Orlando.  ","Double","1","bottom",1,0,1,2.5,3.5
"183","gid_2016_04_13_kcamlb_houmlb_1",45,"Ball","B","015337","2016-04-14T01:53:37Z",327,3,1.28,-1.198,4.244,"SL","0-0","11",570649,514888,"5-6","Yordano Ventura","R","Jose Altuve","R","Jose Altuve homers (2) on a fly ball to left field.  ","Home Run","6","bottom",0.25,0,0.25,0,0.25
"184","gid_2016_04_13_kcamlb_houmlb_1",45,"Ball","B","015355","2016-04-14T01:53:55Z",329,2.92,1.17,1.676,0.326,"CH","1-1","14",570649,514888,"5-6","Yordano Ventura","R","Jose Altuve","R","Jose Altuve homers (2) on a fly ball to left field.  ","Home Run","6","bottom",0.25,0,0.25,0,0.25
"185","gid_2016_04_13_kcamlb_houmlb_1",45,"Called Strike","S","015348","2016-04-14T01:53:48Z",328,2.99,1.23,0.23,2.967,"FF","1-0","2",570649,514888,"5-6","Yordano Ventura","R","Jose Altuve","R","Jose Altuve homers (2) on a fly ball to left field.  ","Home Run","6","bottom",-0.333333333333333,0,-0.333333333333333,0,-0.333333333333333
"186","gid_2016_04_13_kcamlb_houmlb_1",45,"In play, run(s)","X","015420","2016-04-14T01:54:20Z",330,3,1.38,-0.611,2.944,"FF","2-1","1",570649,514888,"5-6","Yordano Ventura","R","Jose Altuve","R","Jose Altuve homers (2) on a fly ball to left field.  ","Home Run","6","bottom",1,0,1,2,3
"187","gid_2016_04_13_kcamlb_houmlb_1",21,"Ball","B","005611","2016-04-14T00:56:11Z",146,3,1.32,-1.186,2.647,"FF","0-0","11",570649,514888,"5-6","Yordano Ventura","R","Jose Altuve","R","Jose Altuve flies out to right fielder Paulo Orlando.  ","Flyout","3","bottom",0.25,0,0.25,0,0.25
"188","gid_2016_04_13_kcamlb_houmlb_1",21,"Ball","B","005636","2016-04-14T00:56:36Z",147,3,1.25,-0.213,3.537,"CH","1-0","11",570649,514888,"5-6","Yordano Ventura","R","Jose Altuve","R","Jose Altuve flies out to right fielder Paulo Orlando.  ","Flyout","3","bottom",0.25,0,0.25,0,0.25
"189","gid_2016_04_13_kcamlb_houmlb_1",21,"In play, out(s)","X","005657","2016-04-14T00:56:57Z",148,3,1.38,-0.606,2.626,"FF","2-0","1",570649,514888,"5-6","Yordano Ventura","R","Jose Altuve","R","Jose Altuve flies out to right fielder Paulo Orlando.  ","Flyout","3","bottom",-1,0,-1,-1,-2
"190","gid_2016_04_11_kcamlb_houmlb_1",52,"Ball","B","020602","2016-04-12T02:06:02Z",411,3,1.41,0.677,1.289,"SI","0-0","14",425426,514888,"5-6","Chien-Ming Wang","R","Jose Altuve","R","Jose Altuve singles on a sharp ground ball to center fielder Lorenzo Cain.  ","Single","6","bottom",0.25,0,0.25,0,0.25
"191","gid_2016_04_11_kcamlb_houmlb_1",52,"Called Strike","S","020651","2016-04-12T02:06:51Z",413,3,1.41,0.342,2.706,"FF","1-1","3",425426,514888,"5-6","Chien-Ming Wang","R","Jose Altuve","R","Jose Altuve singles on a sharp ground ball to center fielder Lorenzo Cain.  ","Single","6","bottom",-0.333333333333333,0,-0.333333333333333,0,-0.333333333333333
"192","gid_2016_04_11_kcamlb_houmlb_1",52,"Foul","S","020620","2016-04-12T02:06:20Z",412,3,1.36,-1.088,1.279,"SI","1-0","13",425426,514888,"5-6","Chien-Ming Wang","R","Jose Altuve","R","Jose Altuve singles on a sharp ground ball to center fielder Lorenzo Cain.  ","Single","6","bottom",-0.333333333333333,0,-0.333333333333333,0,-0.333333333333333
"193","gid_2016_04_11_kcamlb_houmlb_1",52,"In play, no out","X","020706","2016-04-12T02:07:06Z",414,3,1.36,-0.349,2.566,"SL","1-2","1",425426,514888,"5-6","Chien-Ming Wang","R","Jose Altuve","R","Jose Altuve singles on a sharp ground ball to center fielder Lorenzo Cain.  ","Single","6","bottom",1,0,1,1.5,2.5
"194","gid_2016_04_12_kcamlb_houmlb_1",7,"Ball","B","002606","2016-04-13T00:26:06Z",53,2.9,1.26,0.94,2.31,"SI","0-0","12",450665,514888,"5-6","Kris Medlen","R","Jose Altuve","R","Jose Altuve walks.  ","Walk","1","bottom",0.25,0,0.25,0,0.25
"195","gid_2016_04_12_kcamlb_houmlb_1",7,"Ball","B","002633","2016-04-13T00:26:33Z",55,2.95,1.3,0.93,1.32,"SL","1-1","14",450665,514888,"5-6","Kris Medlen","R","Jose Altuve","R","Jose Altuve walks.  ","Walk","1","bottom",0.25,0,0.25,0,0.25
"196","gid_2016_04_12_kcamlb_houmlb_1",7,"Ball","B","002717","2016-04-13T00:27:17Z",57,2.91,1.41,1.65,0.47,"SL","2-2","14",450665,514888,"5-6","Kris Medlen","R","Jose Altuve","R","Jose Altuve walks.  ","Walk","1","bottom",0.25,0,0.25,0,0.25
"197","gid_2016_04_12_kcamlb_houmlb_1",7,"Ball","B","002740","2016-04-13T00:27:40Z",58,2.95,1.26,-1.02,3.88,"CH","3-2","11",450665,514888,"5-6","Kris Medlen","R","Jose Altuve","R","Jose Altuve walks.  ","Walk","1","bottom",0.25,0,0.25,0,0.25
"198","gid_2016_04_12_kcamlb_houmlb_1",7,"Called Strike","S","002618","2016-04-13T00:26:18Z",54,2.91,1.34,0.32,3.05,"SI","1-0","12",450665,514888,"5-6","Kris Medlen","R","Jose Altuve","R","Jose Altuve walks.  ","Walk","1","bottom",-0.333333333333333,0,-0.333333333333333,0,-0.333333333333333
"199","gid_2016_04_12_kcamlb_houmlb_1",7,"Called Strike","S","002659","2016-04-13T00:26:59Z",56,2.91,1.34,0.49,2.92,"SI","2-1","12",450665,514888,"5-6","Kris Medlen","R","Jose Altuve","R","Jose Altuve walks.  ","Walk","1","bottom",-0.333333333333333,0,-0.333333333333333,0,-0.333333333333333
"200","gid_2016_04_12_kcamlb_houmlb_1",40,"Called Strike","S","015623","2016-04-13T01:56:23Z",333,2.95,1.41,-0.08,2.41,"SL","0-0","5",450665,514888,"5-6","Kris Medlen","R","Jose Altuve","R","Jose Altuve grounds out, shortstop Alcides Escobar to first baseman Eric Hosmer.  ","Groundout","5","bottom",-0.333333333333333,0,-0.333333333333333,0,-0.333333333333333
"201","gid_2016_04_12_kcamlb_houmlb_1",40,"Foul","S","015636","2016-04-13T01:56:36Z",334,2.97,1.35,0.98,1.56,"CU","0-1","14",450665,514888,"5-6","Kris Medlen","R","Jose Altuve","R","Jose Altuve grounds out, shortstop Alcides Escobar to first baseman Eric Hosmer.  ","Groundout","5","bottom",-0.333333333333333,0,-0.333333333333333,0,-0.333333333333333
"202","gid_2016_04_12_kcamlb_houmlb_1",40,"In play, out(s)","X","015707","2016-04-13T01:57:07Z",335,2.97,1.35,0.43,2.14,"CU","0-2","6",450665,514888,"5-6","Kris Medlen","R","Jose Altuve","R","Jose Altuve grounds out, shortstop Alcides Escobar to first baseman Eric Hosmer.  ","Groundout","5","bottom",-1,0,-1,-1,-2
"203","gid_2016_04_12_kcamlb_houmlb_1",20,"Ball","B","010035","2016-04-13T01:00:35Z",168,2.91,1.34,1.15,1,"SL","0-1","14",450665,514888,"5-6","Kris Medlen","R","Jose Altuve","R","Jose Altuve called out on strikes.  ","Strikeout","2","bottom",0.25,0,0.25,0,0.25
"204","gid_2016_04_12_kcamlb_houmlb_1",20,"Ball","B","010052","2016-04-13T01:00:52Z",169,2.91,1.3,-1.25,2.07,"SI","1-1","13",450665,514888,"5-6","Kris Medlen","R","Jose Altuve","R","Jose Altuve called out on strikes.  ","Strikeout","2","bottom",0.25,0,0.25,0,0.25
"205","gid_2016_04_12_kcamlb_houmlb_1",20,"Called Strike","S","010018","2016-04-13T01:00:18Z",167,2.98,1.37,0.09,2.26,"SI","0-0","5",450665,514888,"5-6","Kris Medlen","R","Jose Altuve","R","Jose Altuve called out on strikes.  ","Strikeout","2","bottom",-0.333333333333333,0,-0.333333333333333,0,-0.333333333333333
"206","gid_2016_04_12_kcamlb_houmlb_1",20,"Called Strike","S","010111","2016-04-13T01:01:11Z",170,2.91,1.3,-1.02,2.97,"CH","2-1","11",450665,514888,"5-6","Kris Medlen","R","Jose Altuve","R","Jose Altuve called out on strikes.  ","Strikeout","2","bottom",-0.333333333333333,0,-0.333333333333333,0,-0.333333333333333
"207","gid_2016_04_12_kcamlb_houmlb_1",20,"Called Strike","S","010131","2016-04-13T01:01:31Z",171,2.89,1.34,0.66,2.96,"SI","2-2","12",450665,514888,"5-6","Kris Medlen","R","Jose Altuve","R","Jose Altuve called out on strikes.  ","Strikeout","2","bottom",-0.333333333333333,0,-0.333333333333333,0,-0.333333333333333
"208","gid_2016_04_17_detmlb_houmlb_1",53,"Ball","B","202806","2016-04-17T20:28:06Z",438,2.96,1.45,1.685,1.447,"SL","0-0","14",543935,514888,"5-6","Alex Wilson","R","Jose Altuve","R","Jose Altuve strikes out swinging.  ","Strikeout","6","bottom",0.25,0,0.25,0,0.25
"209","gid_2016_04_17_detmlb_houmlb_1",53,"Called Strike","S","202851","2016-04-17T20:28:51Z",440,2.94,1.45,1.154,2.111,"FF","1-1","14",543935,514888,"5-6","Alex Wilson","R","Jose Altuve","R","Jose Altuve strikes out swinging.  ","Strikeout","6","bottom",-0.333333333333333,0,-0.333333333333333,0,-0.333333333333333
"210","gid_2016_04_17_detmlb_houmlb_1",53,"Swinging Strike","S","202827","2016-04-17T20:28:27Z",439,2.96,1.34,0.852,1.388,"SL","1-0","14",543935,514888,"5-6","Alex Wilson","R","Jose Altuve","R","Jose Altuve strikes out swinging.  ","Strikeout","6","bottom",-0.4,0,-0.4,0,-0.4
"211","gid_2016_04_17_detmlb_houmlb_1",53,"Swinging Strike","S","202930","2016-04-17T20:29:30Z",441,2.96,1.34,1.028,0.909,"SL","1-2","14",543935,514888,"5-6","Alex Wilson","R","Jose Altuve","R","Jose Altuve strikes out swinging.  ","Strikeout","6","bottom",-0.4,0,-0.4,0,-0.4
"212","gid_2016_04_15_detmlb_houmlb_1",18,"Ball","B","004841","2016-04-16T00:48:41Z",133,2.98,1.37,0.654,1.337,"SI","0-1","14",460059,514888,"5-6","Mike Pelfrey","R","Jose Altuve","R","Jose Altuve walks.   Luis Valbuena to 3rd.    Jason Castro to 2nd.  ","Walk","2","bottom",0.25,0,0.25,0,0.25
"213","gid_2016_04_15_detmlb_houmlb_1",18,"Ball","B","004944","2016-04-16T00:49:44Z",135,2.98,1.37,0.787,2.837,"SI","1-2","12",460059,514888,"5-6","Mike Pelfrey","R","Jose Altuve","R","Jose Altuve walks.   Luis Valbuena to 3rd.    Jason Castro to 2nd.  ","Walk","2","bottom",0.25,0,0.25,0,0.25
"214","gid_2016_04_15_detmlb_houmlb_1",18,"Ball","B","005014","2016-04-16T00:50:14Z",136,2.98,1.41,0.307,1.11,"FF","2-2","14",460059,514888,"5-6","Mike Pelfrey","R","Jose Altuve","R","Jose Altuve walks.   Luis Valbuena to 3rd.    Jason Castro to 2nd.  ","Walk","2","bottom",0.25,0,0.25,0,0.25
"215","gid_2016_04_15_detmlb_houmlb_1",18,"Ball","B","005055","2016-04-16T00:50:55Z",137,2.99,1.3,0.125,0.658,"SI","3-2","14",460059,514888,"5-6","Mike Pelfrey","R","Jose Altuve","R","Jose Altuve walks.   Luis Valbuena to 3rd.    Jason Castro to 2nd.  ","Walk","2","bottom",0.25,0,0.25,0,0.25
"216","gid_2016_04_15_detmlb_houmlb_1",18,"Called Strike","S","004815","2016-04-16T00:48:15Z",132,2.98,1.37,0.696,1.658,"SI","0-0","9",460059,514888,"5-6","Mike Pelfrey","R","Jose Altuve","R","Jose Altuve walks.   Luis Valbuena to 3rd.    Jason Castro to 2nd.  ","Walk","2","bottom",-0.333333333333333,0,-0.333333333333333,0,-0.333333333333333
"217","gid_2016_04_15_detmlb_houmlb_1",18,"Swinging Strike","S","004908","2016-04-16T00:49:08Z",134,2.98,1.36,0.693,0.87,"SI","1-1","14",460059,514888,"5-6","Mike Pelfrey","R","Jose Altuve","R","Jose Altuve walks.   Luis Valbuena to 3rd.    Jason Castro to 2nd.  ","Walk","2","bottom",-0.4,0,-0.4,0,-0.4
"218","gid_2016_04_15_detmlb_houmlb_1",34,"In play, out(s)","X","013052","2016-04-16T01:30:52Z",263,2.98,1.36,-0.599,2.214,"SI","0-0","4",460059,514888,"5-6","Mike Pelfrey","R","Jose Altuve","R","Jose Altuve flies out to center fielder Anthony Gose.  ","Flyout","4","bottom",-1,0,-1,-1,-2
"219","gid_2016_04_15_detmlb_houmlb_1",5,"In play, out(s)","X","002026","2016-04-16T00:20:26Z",33,2.98,1.36,0.091,1.73,"SI","0-0","8",460059,514888,"5-6","Mike Pelfrey","R","Jose Altuve","R","Jose Altuve grounds out, shortstop Jose Iglesias to first baseman Miguel Cabrera.  ","Groundout","1","bottom",-1,0,-1,-1,-2
"220","gid_2016_04_26_houmlb_seamlb_1",1,"In play, out(s)","X","021108","2016-04-27T02:11:08Z",3,2.97,1.34,-0.085,1.102,"FF","0-0","13",501992,514888,"5-6","Nathan Karns","R","Jose Altuve","R","Jose Altuve grounds out, second baseman Robinson Cano to first baseman Dae-Ho Lee.  ","Groundout","1","top",-1,0,-1,-1,-2
"221","gid_2016_04_26_houmlb_seamlb_1",34,"Ball","B","032942","2016-04-27T03:29:42Z",256,2.89,1.41,0.644,1.677,"FF","0-0","9",501992,514888,"5-6","Nathan Karns","R","Jose Altuve","R","Jose Altuve strikes out swinging.  ","Strikeout","5","top",0.25,0,0.25,0,0.25
"222","gid_2016_04_26_houmlb_seamlb_1",34,"Called Strike","S","032959","2016-04-27T03:29:59Z",257,2.85,1.3,-0.052,3.288,"KN","1-0","11",501992,514888,"5-6","Nathan Karns","R","Jose Altuve","R","Jose Altuve strikes out swinging.  ","Strikeout","5","top",-0.333333333333333,0,-0.333333333333333,0,-0.333333333333333
"223","gid_2016_04_26_houmlb_seamlb_1",34,"Called Strike","S","033017","2016-04-27T03:30:17Z",258,2.94,1.23,-0.111,1.79,"KN","1-1","8",501992,514888,"5-6","Nathan Karns","R","Jose Altuve","R","Jose Altuve strikes out swinging.  ","Strikeout","5","top",-0.333333333333333,0,-0.333333333333333,0,-0.333333333333333
"224","gid_2016_04_26_houmlb_seamlb_1",34,"Swinging Strike","S","033043","2016-04-27T03:30:43Z",259,2.97,1.34,1.299,1.019,"KN","1-2","14",501992,514888,"5-6","Nathan Karns","R","Jose Altuve","R","Jose Altuve strikes out swinging.  ","Strikeout","5","top",-0.4,0,-0.4,0,-0.4
"225","gid_2016_04_26_houmlb_seamlb_1",16,"Ball","B","024355","2016-04-27T02:43:55Z",111,3.14,1.5,0.638,3.714,"FF","0-1","12",501992,514888,"5-6","Nathan Karns","R","Jose Altuve","R","Jose Altuve walks.   Jason Castro to 2nd.  ","Walk","3","top",0.25,0,0.25,0,0.25
"226","gid_2016_04_26_houmlb_seamlb_1",16,"Ball","B","024420","2016-04-27T02:44:20Z",112,3.07,1.34,0.316,3.392,"KN","1-1","12",501992,514888,"5-6","Nathan Karns","R","Jose Altuve","R","Jose Altuve walks.   Jason Castro to 2nd.  ","Walk","3","top",0.25,0,0.25,0,0.25
"227","gid_2016_04_26_houmlb_seamlb_1",16,"Ball","B","024502","2016-04-27T02:45:02Z",113,3.06,1.34,-0.843,3.66,"FF","2-1","11",501992,514888,"5-6","Nathan Karns","R","Jose Altuve","R","Jose Altuve walks.   Jason Castro to 2nd.  ","Walk","3","top",0.25,0,0.25,0,0.25
"228","gid_2016_04_26_houmlb_seamlb_1",16,"Ball","B","024533","2016-04-27T02:45:33Z",114,2.74,1.3,0.467,1.36,"KN","3-1","9",501992,514888,"5-6","Nathan Karns","R","Jose Altuve","R","Jose Altuve walks.   Jason Castro to 2nd.  ","Walk","3","top",0.25,0,0.25,0,0.25
"229","gid_2016_04_26_houmlb_seamlb_1",16,"Foul","S","024314","2016-04-27T02:43:14Z",110,2.97,1.34,0.321,3.363,"FF","0-0","12",501992,514888,"5-6","Nathan Karns","R","Jose Altuve","R","Jose Altuve walks.   Jason Castro to 2nd.  ","Walk","3","top",-0.333333333333333,0,-0.333333333333333,0,-0.333333333333333
"230","gid_2016_04_25_houmlb_seamlb_1",58,"Called Strike","S","041735","2016-04-26T04:17:35Z",474,3,1.36,0.964,1.912,"FF","0-0","14",407908,514888,"5-6","Joel Peralta","R","Jose Altuve","R","Jose Altuve grounds out, shortstop Ketel Marte to first baseman Adam Lind.  ","Groundout","8","top",-0.333333333333333,0,-0.333333333333333,0,-0.333333333333333
"231","gid_2016_04_25_houmlb_seamlb_1",58,"Foul","S","041759","2016-04-26T04:17:59Z",475,2.97,1.34,0.404,1.765,"FF","0-1","9",407908,514888,"5-6","Joel Peralta","R","Jose Altuve","R","Jose Altuve grounds out, shortstop Ketel Marte to first baseman Adam Lind.  ","Groundout","8","top",-0.333333333333333,0,-0.333333333333333,0,-0.333333333333333
"232","gid_2016_04_25_houmlb_seamlb_1",58,"In play, out(s)","X","041834","2016-04-26T04:18:34Z",476,2.97,1.34,0.998,3.47,"FF","0-2","12",407908,514888,"5-6","Joel Peralta","R","Jose Altuve","R","Jose Altuve grounds out, shortstop Ketel Marte to first baseman Adam Lind.  ","Groundout","8","top",-1,0,-1,-1,-2
"233","gid_2016_04_25_houmlb_seamlb_1",70,"Called Strike","S","045112","2016-04-26T04:51:12Z",580,2.87,1.34,-0.334,2.233,"SL","0-0","4",518553,514888,"5-6","Steve Cishek","R","Jose Altuve","R","Jose Altuve grounds into a force out, shortstop Ketel Marte to second baseman Robinson Cano.   Preston Tucker out at 2nd.  ","Forceout","9","top",-0.333333333333333,0,-0.333333333333333,0,-0.333333333333333
"234","gid_2016_04_25_houmlb_seamlb_1",70,"In play, out(s)","X","045138","2016-04-26T04:51:38Z",581,2.97,1.34,-1.008,1.829,"SI","0-1","13",518553,514888,"5-6","Steve Cishek","R","Jose Altuve","R","Jose Altuve grounds into a force out, shortstop Ketel Marte to second baseman Robinson Cano.   Preston Tucker out at 2nd.  ","Forceout","9","top",-1,0,-1,-1,-2
"235","gid_2016_04_22_bosmlb_houmlb_1",77,"Called Strike","S","033103","2016-04-23T03:31:03Z",677,3.03,1.34,-0.039,2.706,"FF","0-0","2",543726,514888,"5-6","Robbie Ross","L","Jose Altuve","R","Jose Altuve flies out to center fielder Jackie Bradley.   Carlos Gomez to 3rd.  ","Flyout","9","bottom",-0.333333333333333,0,-0.333333333333333,0,-0.333333333333333
"236","gid_2016_04_22_bosmlb_houmlb_1",77,"In play, out(s)","X","033138","2016-04-23T03:31:38Z",678,2.97,1.34,-0.165,1.971,"FF","0-1","5",543726,514888,"5-6","Robbie Ross","L","Jose Altuve","R","Jose Altuve flies out to center fielder Jackie Bradley.   Carlos Gomez to 3rd.  ","Flyout","9","bottom",-1,0,-1,-1,-2
"237","gid_2016_04_21_houmlb_texmlb_1",21,"Ball","B","004550","2016-04-22T00:45:50Z",154,2.98,1.29,1.109,1.644,"FF","0-0","14",456167,514888,"5-6","A.J. Griffin","R","Jose Altuve","R","Jose Altuve grounds out, shortstop Elvis Andrus to first baseman Ryan Rua.  ","Groundout","3","top",0.25,0,0.25,0,0.25
"238","gid_2016_04_21_houmlb_texmlb_1",21,"Ball","B","004633","2016-04-22T00:46:33Z",157,2.91,1.29,0.658,1.6,"FF","1-2","9",456167,514888,"5-6","A.J. Griffin","R","Jose Altuve","R","Jose Altuve grounds out, shortstop Elvis Andrus to first baseman Ryan Rua.  ","Groundout","3","top",0.25,0,0.25,0,0.25
"239","gid_2016_04_21_houmlb_texmlb_1",21,"Ball","B","004650","2016-04-22T00:46:50Z",158,2.8,1.22,-1.359,3.297,"CU","2-2","11",456167,514888,"5-6","A.J. Griffin","R","Jose Altuve","R","Jose Altuve grounds out, shortstop Elvis Andrus to first baseman Ryan Rua.  ","Groundout","3","top",0.25,0,0.25,0,0.25
"240","gid_2016_04_21_houmlb_texmlb_1",21,"Called Strike","S","004603","2016-04-22T00:46:03Z",155,2.98,1.23,0.262,2.413,"SL","1-0","3",456167,514888,"5-6","A.J. Griffin","R","Jose Altuve","R","Jose Altuve grounds out, shortstop Elvis Andrus to first baseman Ryan Rua.  ","Groundout","3","top",-0.333333333333333,0,-0.333333333333333,0,-0.333333333333333
"241","gid_2016_04_21_houmlb_texmlb_1",21,"Called Strike","S","004618","2016-04-22T00:46:18Z",156,2.96,1.21,-0.311,2.305,"FF","1-1","4",456167,514888,"5-6","A.J. Griffin","R","Jose Altuve","R","Jose Altuve grounds out, shortstop Elvis Andrus to first baseman Ryan Rua.  ","Groundout","3","top",-0.333333333333333,0,-0.333333333333333,0,-0.333333333333333
"242","gid_2016_04_21_houmlb_texmlb_1",21,"In play, out(s)","X","004709","2016-04-22T00:47:09Z",159,2.98,1.34,0.199,3.314,"FF","3-2","12",456167,514888,"5-6","A.J. Griffin","R","Jose Altuve","R","Jose Altuve grounds out, shortstop Elvis Andrus to first baseman Ryan Rua.  ","Groundout","3","top",-1,0,-1,-1,-2
"243","gid_2016_04_21_houmlb_texmlb_1",38,"Ball","B","012245","2016-04-22T01:22:45Z",280,2.87,1.19,0.538,1.636,"CU","0-0","9",456167,514888,"5-6","A.J. Griffin","R","Jose Altuve","R","Jose Altuve walks.  ","Walk","5","top",0.25,0,0.25,0,0.25
"244","gid_2016_04_21_houmlb_texmlb_1",38,"Ball","B","012247","2016-04-22T01:22:47Z",281,2.94,1.21,0.459,3.389,"SL","1-0","12",456167,514888,"5-6","A.J. Griffin","R","Jose Altuve","R","Jose Altuve walks.  ","Walk","5","top",0.25,0,0.25,0,0.25
"245","gid_2016_04_21_houmlb_texmlb_1",38,"Ball","B","012301","2016-04-22T01:23:01Z",283,2.96,1.24,0.438,3.352,"FF","2-1","12",456167,514888,"5-6","A.J. Griffin","R","Jose Altuve","R","Jose Altuve walks.  ","Walk","5","top",0.25,0,0.25,0,0.25
"246","gid_2016_04_21_houmlb_texmlb_1",38,"Ball","B","012309","2016-04-22T01:23:09Z",285,2.96,1.31,0.794,2.485,"FF","3-2","12",456167,514888,"5-6","A.J. Griffin","R","Jose Altuve","R","Jose Altuve walks.  ","Walk","5","top",0.25,0,0.25,0,0.25
"247","gid_2016_04_21_houmlb_texmlb_1",38,"Called Strike","S","012305","2016-04-22T01:23:05Z",284,2.93,1.26,0.687,2.605,"FF","3-1","3",456167,514888,"5-6","A.J. Griffin","R","Jose Altuve","R","Jose Altuve walks.  ","Walk","5","top",-0.333333333333333,0,-0.333333333333333,0,-0.333333333333333
"248","gid_2016_04_21_houmlb_texmlb_1",38,"Foul","S","012250","2016-04-22T01:22:50Z",282,2.98,1.34,-0.028,2.29,"SL","2-0","5",456167,514888,"5-6","A.J. Griffin","R","Jose Altuve","R","Jose Altuve walks.  ","Walk","5","top",-0.333333333333333,0,-0.333333333333333,0,-0.333333333333333
"249","gid_2016_04_21_houmlb_texmlb_1",1,"Ball","B","000740","2016-04-22T00:07:40Z",5,2.92,1.24,0.511,4.492,"FF","0-2","12",456167,514888,"5-6","A.J. Griffin","R","Jose Altuve","R","Jose Altuve doubles (5) on a sharp line drive to left fielder Ian Desmond.  ","Double","1","top",0.25,0,0.25,0,0.25
"250","gid_2016_04_21_houmlb_texmlb_1",1,"Ball","B","000755","2016-04-22T00:07:55Z",6,2.78,1.14,1.138,2.329,"CU","1-2","12",456167,514888,"5-6","A.J. Griffin","R","Jose Altuve","R","Jose Altuve doubles (5) on a sharp line drive to left fielder Ian Desmond.  ","Double","1","top",0.25,0,0.25,0,0.25
"251","gid_2016_04_21_houmlb_texmlb_1",1,"Called Strike","S","000713","2016-04-22T00:07:13Z",3,2.98,1.31,0.7,2.122,"FF","0-0","6",456167,514888,"5-6","A.J. Griffin","R","Jose Altuve","R","Jose Altuve doubles (5) on a sharp line drive to left fielder Ian Desmond.  ","Double","1","top",-0.333333333333333,0,-0.333333333333333,0,-0.333333333333333
"252","gid_2016_04_21_houmlb_texmlb_1",1,"Called Strike","S","000727","2016-04-22T00:07:27Z",4,2.98,1.23,0.493,2.769,"FF","0-1","3",456167,514888,"5-6","A.J. Griffin","R","Jose Altuve","R","Jose Altuve doubles (5) on a sharp line drive to left fielder Ian Desmond.  ","Double","1","top",-0.333333333333333,0,-0.333333333333333,0,-0.333333333333333
"253","gid_2016_04_21_houmlb_texmlb_1",1,"In play, no out","X","000818","2016-04-22T00:08:18Z",7,2.98,1.34,-0.4,2.24,"FF","2-2","4",456167,514888,"5-6","A.J. Griffin","R","Jose Altuve","R","Jose Altuve doubles (5) on a sharp line drive to left fielder Ian Desmond.  ","Double","1","top",1,0,1,4,5
"254","gid_2016_04_24_bosmlb_houmlb_1",23,"Ball","B","010638","2016-04-25T01:06:38Z",190,2.97,1.34,-1.155,3.414,"FF","0-2","11",596064,514888,"5-6","Henry Owens","L","Jose Altuve","R","Jose Altuve strikes out swinging.  ","Strikeout","2","bottom",0.25,0,0.25,0,0.25
"255","gid_2016_04_24_bosmlb_houmlb_1",23,"Called Strike","S","010544","2016-04-25T01:05:44Z",188,3.03,1.34,-0.371,3.196,"FF","0-0","11",596064,514888,"5-6","Henry Owens","L","Jose Altuve","R","Jose Altuve strikes out swinging.  ","Strikeout","2","bottom",-0.333333333333333,0,-0.333333333333333,0,-0.333333333333333
"256","gid_2016_04_24_bosmlb_houmlb_1",23,"Foul","S","010607","2016-04-25T01:06:07Z",189,2.97,1.34,0.194,3.243,"FF","0-1","12",596064,514888,"5-6","Henry Owens","L","Jose Altuve","R","Jose Altuve strikes out swinging.  ","Strikeout","2","bottom",-0.333333333333333,0,-0.333333333333333,0,-0.333333333333333
"257","gid_2016_04_24_bosmlb_houmlb_1",23,"Swinging Strike","S","010707","2016-04-25T01:07:07Z",191,2.97,1.34,-0.6,1.538,"CH","1-2","7",596064,514888,"5-6","Henry Owens","L","Jose Altuve","R","Jose Altuve strikes out swinging.  ","Strikeout","2","bottom",-0.4,0,-0.4,0,-0.4
"258","gid_2016_04_24_bosmlb_houmlb_1",42,"Ball","B","015710","2016-04-25T01:57:10Z",352,2.97,1.34,-0.754,-0.027,"FF","0-0","13",596064,514888,"5-6","Henry Owens","L","Jose Altuve","R","Jose Altuve singles on a soft ground ball to pitcher Henry Owens.  ","Single","4","bottom",0.25,0,0.25,0,0.25
"259","gid_2016_04_24_bosmlb_houmlb_1",42,"Ball","B","015749","2016-04-25T01:57:49Z",353,2.97,1.34,-1.01,0.871,"FF","1-0","13",596064,514888,"5-6","Henry Owens","L","Jose Altuve","R","Jose Altuve singles on a soft ground ball to pitcher Henry Owens.  ","Single","4","bottom",0.25,0,0.25,0,0.25
"260","gid_2016_04_24_bosmlb_houmlb_1",42,"Ball","B","015828","2016-04-25T01:58:28Z",355,2.97,1.34,-1.534,1.002,"FF","2-1","13",596064,514888,"5-6","Henry Owens","L","Jose Altuve","R","Jose Altuve singles on a soft ground ball to pitcher Henry Owens.  ","Single","4","bottom",0.25,0,0.25,0,0.25
"261","gid_2016_04_24_bosmlb_houmlb_1",42,"Called Strike","S","015809","2016-04-25T01:58:09Z",354,2.97,1.34,-0.031,3.524,"CH","2-0","11",596064,514888,"5-6","Henry Owens","L","Jose Altuve","R","Jose Altuve singles on a soft ground ball to pitcher Henry Owens.  ","Single","4","bottom",-0.333333333333333,0,-0.333333333333333,0,-0.333333333333333
"262","gid_2016_04_24_bosmlb_houmlb_1",42,"In play, no out","X","015853","2016-04-25T01:58:53Z",356,2.97,1.34,-0.69,1.725,"CH","3-1","7",596064,514888,"5-6","Henry Owens","L","Jose Altuve","R","Jose Altuve singles on a soft ground ball to pitcher Henry Owens.  ","Single","4","bottom",1,0,1,-2,-1
"263","gid_2016_04_24_bosmlb_houmlb_1",9,"Ball","B","002753","2016-04-25T00:27:53Z",67,2.97,1.34,-1.181,2.715,"FF","0-0","11",596064,514888,"5-6","Henry Owens","L","Jose Altuve","R","Jose Altuve doubles (8) on a line drive to left fielder Brock Holt.  ","Double","1","bottom",0.25,0,0.25,0,0.25
"264","gid_2016_04_24_bosmlb_houmlb_1",9,"Ball","B","002806","2016-04-25T00:28:06Z",68,2.97,1.34,-0.907,1.621,"FF","1-0","13",596064,514888,"5-6","Henry Owens","L","Jose Altuve","R","Jose Altuve doubles (8) on a line drive to left fielder Brock Holt.  ","Double","1","bottom",0.25,0,0.25,0,0.25
"265","gid_2016_04_24_bosmlb_houmlb_1",9,"Ball","B","002821","2016-04-25T00:28:21Z",69,2.97,1.34,-0.92,1.041,"FF","2-0","13",596064,514888,"5-6","Henry Owens","L","Jose Altuve","R","Jose Altuve doubles (8) on a line drive to left fielder Brock Holt.  ","Double","1","bottom",0.25,0,0.25,0,0.25
"266","gid_2016_04_24_bosmlb_houmlb_1",9,"Called Strike","S","002836","2016-04-25T00:28:36Z",70,3.02,1.34,0.391,2.841,"FF","3-0","3",596064,514888,"5-6","Henry Owens","L","Jose Altuve","R","Jose Altuve doubles (8) on a line drive to left fielder Brock Holt.  ","Double","1","bottom",-0.333333333333333,0,-0.333333333333333,0,-0.333333333333333
"267","gid_2016_04_24_bosmlb_houmlb_1",9,"Called Strike","S","002851","2016-04-25T00:28:51Z",71,3.03,1.34,0.288,2.851,"FF","3-1","3",596064,514888,"5-6","Henry Owens","L","Jose Altuve","R","Jose Altuve doubles (8) on a line drive to left fielder Brock Holt.  ","Double","1","bottom",-0.333333333333333,0,-0.333333333333333,0,-0.333333333333333
"268","gid_2016_04_24_bosmlb_houmlb_1",9,"In play, no out","X","002917","2016-04-25T00:29:17Z",72,2.97,1.34,0.038,2.419,"FF","3-2","5",596064,514888,"5-6","Henry Owens","L","Jose Altuve","R","Jose Altuve doubles (8) on a line drive to left fielder Brock Holt.  ","Double","1","bottom",1,0,1,2.5,3.5
"269","gid_2016_04_24_bosmlb_houmlb_1",79,"Ball","B","035026","2016-04-25T03:50:26Z",674,2.97,1.34,1.449,2.257,"KN","0-1","12",518886,514888,"5-6","Craig Kimbrel","R","Jose Altuve","R","Jose Altuve flies out to right fielder Mookie Betts in foul territory.  ","Flyout","9","bottom",0.25,0,0.25,0,0.25
"270","gid_2016_04_24_bosmlb_houmlb_1",79,"Ball","B","035045","2016-04-25T03:50:45Z",675,2.97,1.34,1.397,2.596,"FF","1-1","12",518886,514888,"5-6","Craig Kimbrel","R","Jose Altuve","R","Jose Altuve flies out to right fielder Mookie Betts in foul territory.  ","Flyout","9","bottom",0.25,0,0.25,0,0.25
"271","gid_2016_04_24_bosmlb_houmlb_1",79,"In play, out(s)","X","035119","2016-04-25T03:51:19Z",676,2.97,1.34,0.179,2.758,"FF","2-1","2",518886,514888,"5-6","Craig Kimbrel","R","Jose Altuve","R","Jose Altuve flies out to right fielder Mookie Betts in foul territory.  ","Flyout","9","bottom",-1,0,-1,-1,-2
"272","gid_2016_04_24_bosmlb_houmlb_1",79,"Swinging Strike","S","035005","2016-04-25T03:50:05Z",673,2.97,1.34,-0.274,2.771,"FF","0-0","1",518886,514888,"5-6","Craig Kimbrel","R","Jose Altuve","R","Jose Altuve flies out to right fielder Mookie Betts in foul territory.  ","Flyout","9","bottom",-0.4,0,-0.4,0,-0.4
"273","gid_2016_04_21_houmlb_texmlb_1",61,"Ball","B","021814","2016-04-22T02:18:14Z",482,2.87,1.24,0.38,4.085,"SI","0-2","12",501817,514888,"5-6","Tony Barnette","R","Jose Altuve","R","Jose Altuve strikes out swinging, catcher Bryan Holaday to first baseman Ryan Rua.  ","Strikeout","8","top",0.25,0,0.25,0,0.25
"274","gid_2016_04_21_houmlb_texmlb_1",61,"Called Strike","S","021752","2016-04-22T02:17:52Z",481,2.88,1.27,0.488,2.159,"CU","0-1","6",501817,514888,"5-6","Tony Barnette","R","Jose Altuve","R","Jose Altuve strikes out swinging, catcher Bryan Holaday to first baseman Ryan Rua.  ","Strikeout","8","top",-0.333333333333333,0,-0.333333333333333,0,-0.333333333333333
"275","gid_2016_04_21_houmlb_texmlb_1",61,"Foul","S","021726","2016-04-22T02:17:26Z",480,2.98,1.34,0.337,2.627,"FF","0-0","3",501817,514888,"5-6","Tony Barnette","R","Jose Altuve","R","Jose Altuve strikes out swinging, catcher Bryan Holaday to first baseman Ryan Rua.  ","Strikeout","8","top",-0.333333333333333,0,-0.333333333333333,0,-0.333333333333333
"276","gid_2016_04_21_houmlb_texmlb_1",61,"Foul","S","021837","2016-04-22T02:18:37Z",483,2.98,1.34,0.461,1.503,"SI","1-2","9",501817,514888,"5-6","Tony Barnette","R","Jose Altuve","R","Jose Altuve strikes out swinging, catcher Bryan Holaday to first baseman Ryan Rua.  ","Strikeout","8","top",-0.333333333333333,0,-0.333333333333333,0,-0.333333333333333
"277","gid_2016_04_21_houmlb_texmlb_1",61,"Swinging Strike (Blocked)","S","021913","2016-04-22T02:19:13Z",484,2.98,1.34,1.401,0.944,"SL","1-2","14",501817,514888,"5-6","Tony Barnette","R","Jose Altuve","R","Jose Altuve strikes out swinging, catcher Bryan Holaday to first baseman Ryan Rua.  ","Strikeout","8","top",-0.4,0,-0.4,0,-0.4
"278","gid_2016_04_19_houmlb_texmlb_1",74,"Ball","B","032620","2016-04-20T03:26:20Z",650,3,1.31,0.799,1.134,"SL","0-0","14",474521,514888,"5-6","Shawn Tolleson","R","Jose Altuve","R","Jose Altuve grounds out, shortstop Elvis Andrus to first baseman Mitch Moreland.   Colby Rasmus scores.  ","Groundout","9","top",0.25,0,0.25,0,0.25
"279","gid_2016_04_19_houmlb_texmlb_1",74,"Foul","S","032641","2016-04-20T03:26:41Z",651,2.97,1.34,0.142,2.972,"FF","1-0","12",474521,514888,"5-6","Shawn Tolleson","R","Jose Altuve","R","Jose Altuve grounds out, shortstop Elvis Andrus to first baseman Mitch Moreland.   Colby Rasmus scores.  ","Groundout","9","top",-0.333333333333333,0,-0.333333333333333,0,-0.333333333333333
"280","gid_2016_04_19_houmlb_texmlb_1",74,"In play, run(s)","X","032716","2016-04-20T03:27:16Z",652,2.97,1.34,-0.304,2.522,"FF","1-1","1",474521,514888,"5-6","Shawn Tolleson","R","Jose Altuve","R","Jose Altuve grounds out, shortstop Elvis Andrus to first baseman Mitch Moreland.   Colby Rasmus scores.  ","Groundout","9","top",1,-2,-1,-1,-2
"281","gid_2016_04_20_houmlb_texmlb_1",72,"Ball","B","031624","2016-04-21T03:16:24Z",599,2.87,1.3,1.657,1.228,"SL","0-1","14",474521,514888,"5-6","Shawn Tolleson","R","Jose Altuve","R","Jose Altuve flies out to right fielder Nomar Mazara.  ","Flyout","9","top",0.25,0,0.25,0,0.25
"282","gid_2016_04_20_houmlb_texmlb_1",72,"Ball","B","031711","2016-04-21T03:17:11Z",601,2.97,1.34,0.116,3.395,"FF","1-1","12",474521,514888,"5-6","Shawn Tolleson","R","Jose Altuve","R","Jose Altuve flies out to right fielder Nomar Mazara.  ","Flyout","9","top",0.25,0,0.25,0,0.25
"283","gid_2016_04_20_houmlb_texmlb_1",72,"Called Strike","S","031554","2016-04-21T03:15:54Z",598,2.89,1.32,-0.535,1.432,"FF","0-0","7",474521,514888,"5-6","Shawn Tolleson","R","Jose Altuve","R","Jose Altuve flies out to right fielder Nomar Mazara.  ","Flyout","9","top",-0.333333333333333,0,-0.333333333333333,0,-0.333333333333333
"284","gid_2016_04_20_houmlb_texmlb_1",72,"In play, out(s)","X","031738","2016-04-21T03:17:38Z",602,2.97,1.34,0.179,2.932,"FF","2-1","2",474521,514888,"5-6","Shawn Tolleson","R","Jose Altuve","R","Jose Altuve flies out to right fielder Nomar Mazara.  ","Flyout","9","top",-1,0,-1,-1,-2
"285","gid_2016_05_01_houmlb_oakmlb_1",32,"Ball","B","211547","2016-05-01T21:15:47Z",250,2.91,1.34,-1.736,3.019,"FF","0-2","11",448179,514888,"5-6","Rich Hill","L","Jose Altuve","R","Jose Altuve called out on strikes.  ","Strikeout","4","top",0.25,0,0.25,0,0.25
"286","gid_2016_05_01_houmlb_oakmlb_1",32,"Ball","B","211611","2016-05-01T21:16:11Z",251,3.05,1.34,0.7,3.281,"FF","1-2","12",448179,514888,"5-6","Rich Hill","L","Jose Altuve","R","Jose Altuve called out on strikes.  ","Strikeout","4","top",0.25,0,0.25,0,0.25
"287","gid_2016_05_01_houmlb_oakmlb_1",32,"Called Strike","S","211457","2016-05-01T21:14:57Z",248,2.98,1.34,-0.397,1.733,"CU","0-0","7",448179,514888,"5-6","Rich Hill","L","Jose Altuve","R","Jose Altuve called out on strikes.  ","Strikeout","4","top",-0.333333333333333,0,-0.333333333333333,0,-0.333333333333333
"288","gid_2016_05_01_houmlb_oakmlb_1",32,"Called Strike","S","211643","2016-05-01T21:16:43Z",255,2.95,1.34,0.564,2.596,"CU","2-2","3",448179,514888,"5-6","Rich Hill","L","Jose Altuve","R","Jose Altuve called out on strikes.  ","Strikeout","4","top",-0.333333333333333,0,-0.333333333333333,0,-0.333333333333333
"289","gid_2016_05_01_houmlb_oakmlb_1",32,"Foul","S","211516","2016-05-01T21:15:16Z",249,3.05,1.34,-0.705,3.015,"FF","0-1","1",448179,514888,"5-6","Rich Hill","L","Jose Altuve","R","Jose Altuve called out on strikes.  ","Strikeout","4","top",-0.333333333333333,0,-0.333333333333333,0,-0.333333333333333
"290","gid_2016_05_01_houmlb_oakmlb_1",19,"Ball","B","204328","2016-05-01T20:43:28Z",139,3.09,1.34,0.598,3.364,"FF","0-0","12",448179,514888,"5-6","Rich Hill","L","Jose Altuve","R","Jose Altuve walks.   Jason Castro to 2nd.  ","Walk","3","top",0.25,0,0.25,0,0.25
"291","gid_2016_05_01_houmlb_oakmlb_1",19,"Ball","B","204338","2016-05-01T20:43:38Z",140,2.98,1.34,-0.12,1.361,"FF","1-0","8",448179,514888,"5-6","Rich Hill","L","Jose Altuve","R","Jose Altuve walks.   Jason Castro to 2nd.  ","Walk","3","top",0.25,0,0.25,0,0.25
"292","gid_2016_05_01_houmlb_oakmlb_1",19,"Ball","B","204357","2016-05-01T20:43:57Z",141,2.98,1.34,0.699,3.673,"FF","2-0","12",448179,514888,"5-6","Rich Hill","L","Jose Altuve","R","Jose Altuve walks.   Jason Castro to 2nd.  ","Walk","3","top",0.25,0,0.25,0,0.25
"293","gid_2016_05_01_houmlb_oakmlb_1",19,"Ball","B","204520","2016-05-01T20:45:20Z",144,2.98,1.34,0.142,3.309,"CU","3-2","12",448179,514888,"5-6","Rich Hill","L","Jose Altuve","R","Jose Altuve walks.   Jason Castro to 2nd.  ","Walk","3","top",0.25,0,0.25,0,0.25
"294","gid_2016_05_01_houmlb_oakmlb_1",19,"Called Strike","S","204421","2016-05-01T20:44:21Z",142,2.92,1.34,0.218,1.848,"FF","3-0","8",448179,514888,"5-6","Rich Hill","L","Jose Altuve","R","Jose Altuve walks.   Jason Castro to 2nd.  ","Walk","3","top",-0.333333333333333,0,-0.333333333333333,0,-0.333333333333333
"295","gid_2016_05_01_houmlb_oakmlb_1",19,"Called Strike","S","204439","2016-05-01T20:44:39Z",143,2.98,1.34,0.424,2.623,"FF","3-1","3",448179,514888,"5-6","Rich Hill","L","Jose Altuve","R","Jose Altuve walks.   Jason Castro to 2nd.  ","Walk","3","top",-0.333333333333333,0,-0.333333333333333,0,-0.333333333333333
"296","gid_2016_05_01_houmlb_oakmlb_1",1,"Ball","B","200740","2016-05-01T20:07:40Z",4,2.99,1.34,-0.999,2.425,"FF","0-1","11",448179,514888,"5-6","Rich Hill","L","Jose Altuve","R","Jose Altuve homers (7) on a line drive to left center field.  ","Home Run","1","top",0.25,0,0.25,0,0.25
"297","gid_2016_05_01_houmlb_oakmlb_1",1,"Called Strike","S","200724","2016-05-01T20:07:24Z",3,3.15,1.34,0.284,3.136,"FF","0-0","3",448179,514888,"5-6","Rich Hill","L","Jose Altuve","R","Jose Altuve homers (7) on a line drive to left center field.  ","Home Run","1","top",-0.333333333333333,0,-0.333333333333333,0,-0.333333333333333
"298","gid_2016_05_01_houmlb_oakmlb_1",1,"In play, run(s)","X","200810","2016-05-01T20:08:10Z",5,3.02,1.34,-0.385,2.64,"CU","1-1","1",448179,514888,"5-6","Rich Hill","L","Jose Altuve","R","Jose Altuve homers (7) on a line drive to left center field.  ","Home Run","1","top",1,0,1,3.5,4.5
"299","gid_2016_04_30_houmlb_oakmlb_1",60,"Ball","B","222040","2016-04-30T22:20:40Z",447,3.1,1.34,0.927,1.912,"FF","0-1","14",425492,514888,"5-6","Ryan Madson","R","Jose Altuve","R","Jose Altuve walks.  ","Walk","9","top",0.25,0,0.25,0,0.25
"300","gid_2016_04_30_houmlb_oakmlb_1",60,"Ball","B","222119","2016-04-30T22:21:19Z",449,3,1.34,-1.195,0.433,"CH","1-2","13",425492,514888,"5-6","Ryan Madson","R","Jose Altuve","R","Jose Altuve walks.  ","Walk","9","top",0.25,0,0.25,0,0.25
"301","gid_2016_04_30_houmlb_oakmlb_1",60,"Ball","B","222143","2016-04-30T22:21:43Z",450,3.09,1.34,0.408,3.9,"FF","2-2","12",425492,514888,"5-6","Ryan Madson","R","Jose Altuve","R","Jose Altuve walks.  ","Walk","9","top",0.25,0,0.25,0,0.25
"302","gid_2016_04_30_houmlb_oakmlb_1",60,"Ball","B","222216","2016-04-30T22:22:16Z",451,3.03,1.38,-1.845,3.933,"CH","3-2","11",425492,514888,"5-6","Ryan Madson","R","Jose Altuve","R","Jose Altuve walks.  ","Walk","9","top",0.25,0,0.25,0,0.25
"303","gid_2016_04_30_houmlb_oakmlb_1",60,"Called Strike","S","222021","2016-04-30T22:20:21Z",446,3.12,1.37,-0.198,2.469,"SI","0-0","5",425492,514888,"5-6","Ryan Madson","R","Jose Altuve","R","Jose Altuve walks.  ","Walk","9","top",-0.333333333333333,0,-0.333333333333333,0,-0.333333333333333
"304","gid_2016_04_30_houmlb_oakmlb_1",60,"Called Strike","S","222100","2016-04-30T22:21:00Z",448,3.03,1.34,0.204,1.451,"FF","1-1","8",425492,514888,"5-6","Ryan Madson","R","Jose Altuve","R","Jose Altuve walks.  ","Walk","9","top",-0.333333333333333,0,-0.333333333333333,0,-0.333333333333333
"305","gid_2016_04_29_houmlb_oakmlb_1",51,"Ball","B","042331","2016-04-30T04:23:31Z",427,2.96,1.34,-0.271,0.981,"SL","0-0","13",623430,514888,"5-6","Ryan Dull","R","Jose Altuve","R","Jose Altuve pops out to first baseman Yonder Alonso in foul territory.  ","Pop Out","7","top",0.25,0,0.25,0,0.25
"306","gid_2016_04_29_houmlb_oakmlb_1",51,"In play, out(s)","X","042355","2016-04-30T04:23:55Z",428,2.98,1.31,-0.013,2.315,"FF","1-0","5",623430,514888,"5-6","Ryan Dull","R","Jose Altuve","R","Jose Altuve pops out to first baseman Yonder Alonso in foul territory.  ","Pop Out","7","top",-1,0,-1,-2,-3
"307","gid_2016_05_01_houmlb_oakmlb_1",51,"In play, out(s)","X","215810","2016-05-01T21:58:10Z",394,2.98,1.34,0.235,2.696,"FF","0-0","2",521230,514888,"5-6","Liam Hendriks","R","Jose Altuve","R","Jose Altuve grounds into a double play, second baseman Jed Lowrie to shortstop Marcus Semien to first baseman Yonder Alonso.   Jason Castro out at 2nd.  ","Grounded Into DP","7","top",-1,0,-1,-1,-2
"308","gid_2016_04_27_houmlb_seamlb_1",72,"Ball","B","051753","2016-04-28T05:17:53Z",607,3.07,1.43,0,1.184,"FF","0-1","14",543883,514888,"5-6","Nick Vincent","R","Jose Altuve","R","Jose Altuve lines out to third baseman Kyle Seager.  ","Lineout","9","top",0.25,0,0.25,0,0.25
"309","gid_2016_04_27_houmlb_seamlb_1",72,"Ball","B","051805","2016-04-28T05:18:05Z",608,2.91,1.31,2.084,1.221,"SL","1-1","14",543883,514888,"5-6","Nick Vincent","R","Jose Altuve","R","Jose Altuve lines out to third baseman Kyle Seager.  ","Lineout","9","top",0.25,0,0.25,0,0.25
"310","gid_2016_04_27_houmlb_seamlb_1",72,"Called Strike","S","051739","2016-04-28T05:17:39Z",606,3.11,1.47,0.255,2.667,"SL","0-0","3",543883,514888,"5-6","Nick Vincent","R","Jose Altuve","R","Jose Altuve lines out to third baseman Kyle Seager.  ","Lineout","9","top",-0.333333333333333,0,-0.333333333333333,0,-0.333333333333333
"311","gid_2016_04_27_houmlb_seamlb_1",72,"In play, out(s)","X","051824","2016-04-28T05:18:24Z",609,2.98,1.31,0.16,2.652,"SL","2-1","2",543883,514888,"5-6","Nick Vincent","R","Jose Altuve","R","Jose Altuve lines out to third baseman Kyle Seager.  ","Lineout","9","top",-1,0,-1,1.5,0.5
"312","gid_2016_04_22_bosmlb_houmlb_1",44,"Called Strike","S","015539","2016-04-23T01:55:39Z",367,3.16,1.45,-0.6,1.964,"KN","0-1","7",453214,514888,"5-6","Steven Wright","R","Jose Altuve","R","Jose Altuve lines out softly to shortstop Xander Bogaerts.  ","Lineout","5","bottom",-0.333333333333333,0,-0.333333333333333,0,-0.333333333333333
"313","gid_2016_04_22_bosmlb_houmlb_1",44,"In play, out(s)","X","015557","2016-04-23T01:55:57Z",368,2.97,1.34,-0.873,2.837,"KN","0-2","11",453214,514888,"5-6","Steven Wright","R","Jose Altuve","R","Jose Altuve lines out softly to shortstop Xander Bogaerts.  ","Lineout","5","bottom",-1,0,-1,-0.5,-1.5
"314","gid_2016_04_22_bosmlb_houmlb_1",44,"Swinging Strike","S","015522","2016-04-23T01:55:22Z",366,2.97,1.34,0.135,2.687,"KN","0-0","2",453214,514888,"5-6","Steven Wright","R","Jose Altuve","R","Jose Altuve lines out softly to shortstop Xander Bogaerts.  ","Lineout","5","bottom",-0.4,0,-0.4,0,-0.4
"315","gid_2016_04_22_bosmlb_houmlb_1",27,"In play, out(s)","X","011443","2016-04-23T01:14:43Z",223,2.97,1.34,0.785,2.417,"KN","0-0","12",453214,514888,"5-6","Steven Wright","R","Jose Altuve","R","Jose Altuve grounds out, shortstop Xander Bogaerts to first baseman Hanley Ramirez.  ","Groundout","3","bottom",-1,0,-1,-1,-2
"316","gid_2016_04_22_bosmlb_houmlb_1",61,"Ball","B","024234","2016-04-23T02:42:34Z",513,3.11,1.34,1.315,2.319,"KN","0-0","12",453214,514888,"5-6","Steven Wright","R","Jose Altuve","R","Jose Altuve walks.  ","Walk","7","bottom",0.25,0,0.25,0,0.25
"317","gid_2016_04_22_bosmlb_houmlb_1",61,"Ball","B","024302","2016-04-23T02:43:02Z",518,3.08,1.34,-1.271,2.648,"KN","1-0","11",453214,514888,"5-6","Steven Wright","R","Jose Altuve","R","Jose Altuve walks.  ","Walk","7","bottom",0.25,0,0.25,0,0.25
"318","gid_2016_04_22_bosmlb_houmlb_1",61,"Ball","B","024509","2016-04-23T02:45:09Z",527,3.05,1.34,-0.006,4.35,"CU","3-2","11",453214,514888,"5-6","Steven Wright","R","Jose Altuve","R","Jose Altuve walks.  ","Walk","7","bottom",0.25,0,0.25,0,0.25
"319","gid_2016_04_22_bosmlb_houmlb_1",61,"Ball In Dirt","B","024440","2016-04-23T02:44:40Z",526,3.07,1.34,0.274,0.546,"KN","2-2","14",453214,514888,"5-6","Steven Wright","R","Jose Altuve","R","Jose Altuve walks.  ","Walk","7","bottom",0.25,0,0.25,0,0.25
"320","gid_2016_04_22_bosmlb_houmlb_1",61,"Swinging Strike","S","024401","2016-04-23T02:44:01Z",519,2.97,1.34,1.219,2.191,"KN","2-0","12",453214,514888,"5-6","Steven Wright","R","Jose Altuve","R","Jose Altuve walks.  ","Walk","7","bottom",-0.4,0,-0.4,0,-0.4
"321","gid_2016_04_22_bosmlb_houmlb_1",61,"Swinging Strike","S","024429","2016-04-23T02:44:29Z",525,2.97,1.34,-0.404,2.345,"KN","2-1","4",453214,514888,"5-6","Steven Wright","R","Jose Altuve","R","Jose Altuve walks.  ","Walk","7","bottom",-0.4,0,-0.4,0,-0.4
"322","gid_2016_04_22_bosmlb_houmlb_1",8,"Ball","B","002712","2016-04-23T00:27:12Z",60,3.28,1.34,-0.439,0.837,"KN","0-0","13",453214,514888,"5-6","Steven Wright","R","Jose Altuve","R","Jose Altuve called out on strikes.  ","Strikeout","1","bottom",0.25,0,0.25,0,0.25
"323","gid_2016_04_22_bosmlb_houmlb_1",8,"Ball","B","002836","2016-04-23T00:28:36Z",64,3.14,1.34,0.934,0.434,"KN","1-2","14",453214,514888,"5-6","Steven Wright","R","Jose Altuve","R","Jose Altuve called out on strikes.  ","Strikeout","1","bottom",0.25,0,0.25,0,0.25
"324","gid_2016_04_22_bosmlb_houmlb_1",8,"Ball","B","002858","2016-04-23T00:28:58Z",65,3.13,1.34,-1.236,3.016,"KN","2-2","11",453214,514888,"5-6","Steven Wright","R","Jose Altuve","R","Jose Altuve called out on strikes.  ","Strikeout","1","bottom",0.25,0,0.25,0,0.25
"325","gid_2016_04_22_bosmlb_houmlb_1",8,"Called Strike","S","002915","2016-04-23T00:29:15Z",66,3.1,1.34,0.614,2.655,"KN","3-2","3",453214,514888,"5-6","Steven Wright","R","Jose Altuve","R","Jose Altuve called out on strikes.  ","Strikeout","1","bottom",-0.333333333333333,0,-0.333333333333333,0,-0.333333333333333
"326","gid_2016_04_22_bosmlb_houmlb_1",8,"Foul","S","002745","2016-04-23T00:27:45Z",62,2.97,1.34,0.303,2.325,"KN","1-1","6",453214,514888,"5-6","Steven Wright","R","Jose Altuve","R","Jose Altuve called out on strikes.  ","Strikeout","1","bottom",-0.333333333333333,0,-0.333333333333333,0,-0.333333333333333
"327","gid_2016_04_22_bosmlb_houmlb_1",8,"Foul","S","002809","2016-04-23T00:28:09Z",63,2.97,1.34,0.243,2.669,"KN","1-2","3",453214,514888,"5-6","Steven Wright","R","Jose Altuve","R","Jose Altuve called out on strikes.  ","Strikeout","1","bottom",-0.333333333333333,0,-0.333333333333333,0,-0.333333333333333
